"Account Name:","Demo Current Account ****00000"
"Account Balance:","£8,190.36"
"Available Balance: ","£8,190.36"
"Date","Transaction type","Description","Paid out","Paid in","Balance"
"01/01/2024","Card payment","SAINSBURYS CO UK","49.51","","8450.49"
"01/01/2024","Direct Debit","HALIFAX MORTGAGE","1285.0","","7165.49"
"02/01/2024","Direct Debit","OCTOPUS ENERGY","148.0","","7017.49"
"02/01/2024","Card payment","WAGAMAMA GUILDFORD","19.0","","6998.49"
"02/01/2024","Card payment","TESCO STORES WOKING","63.66","","6934.83"
"03/01/2024","Card payment","PRET A MANGER LONDON","15.97","","6918.86"
"03/01/2024","Card payment","WAGAMAMA GUILDFORD","21.38","","6897.48"
"03/01/2024","Direct Debit","SCRIPTURE UNION MILTON KEYNES","350.0","","6547.48"
"05/01/2024","Card payment","SAINSBURYS S MKTS BROOKWOOD","79.41","","6468.07"
"06/01/2024","Card payment","STAGECOACH WOKING PIRBRIGHT","28.82","","6439.25"
"06/01/2024","Card payment","LLOYDS PHARMACY WOKING","59.18","","6380.07"
"06/01/2024","Direct Debit","AFFINITY WATER CCP WEB","32.5","","6347.57"
"07/01/2024","Card payment","MARKS AND SPENCER","37.7","","6309.87"
"08/01/2024","Direct Debit","WOKING BOROUGH COU","195.0","","6114.87"
"08/01/2024","Direct Debit","ICLOUD.COM","2.99","","6111.88"
"08/01/2024","Direct Debit","PARISH GIVING SCHE","5.4","","6106.48"
"09/01/2024","Direct Debit","OXFAM GB","26.97","","6079.51"
"09/01/2024","Direct Debit","L G INSURANCE MI","42.0","","6037.51"
"09/01/2024","Card payment","MARKS AND SPENCER","14.73","","6022.78"
"10/01/2024","Card payment","DELIVEROO","18.61","","6004.17"
"11/01/2024","Direct Debit","SMARTY CO MAIDENHEAD","15.0","","5989.17"
"11/01/2024","Card payment","SAINSBURYS CO UK","80.43","","5908.74"
"13/01/2024","Card payment","STAGECOACH WOKING PIRBRIGHT","9.19","","5899.55"
"13/01/2024","Card payment","TESCO STORES WOKING","47.79","","5851.76"
"13/01/2024","Card payment","ALDI STORES LTD WOKING","47.79","","5803.97"
"14/01/2024","Direct Debit","HARLANDS","38.0","","5765.97"
"15/01/2024","Card payment","LIDL GB GUILDFORD","61.77","","5704.2"
"15/01/2024","Card payment","SHELL PETROL CAMBERLEY","11.67","","5692.53"
"15/01/2024","Direct Debit","CANCER RESEARCH UK","11.72","","5680.81"
"15/01/2024","Direct Debit","SPOTIFY AB","11.99","","5668.82"
"15/01/2024","Direct Debit","NETFLIX.COM","17.99","","5650.83"
"17/01/2024","Direct Debit","ADMIRAL INSURANCE","59.49","","5591.34"
"18/01/2024","Card payment","STARBUCKS WOKING","5.29","","5586.05"
"19/01/2024","Card payment","WAGAMAMA GUILDFORD","5.18","","5580.87"
"19/01/2024","Card payment","W M MORRISON STORE WOKING","65.81","","5515.06"
"20/01/2024","Direct Debit","AMAZON PRIME","8.99","","5506.07"
"21/01/2024","Card payment","SAINSBURYS CO UK","43.66","","5462.41"
"21/01/2024","Card payment","AMAZON MARKETPLACE","11.14","","5451.27"
"21/01/2024","Card payment","LIDL GB GUILDFORD","43.55","","5407.72"
"21/01/2024","Direct Debit","PET HEALTH CLUB","22.0","","5385.72"
"21/01/2024","Direct Debit","GOCARDLESS","45.0","","5340.72"
"22/01/2024","Card payment","WWW ROCKANDPOPFOUNDATI ALDERSHOT","29.38","","5311.34"
"22/01/2024","Card payment","SAINSBURYS S MKTS BROOKWOOD","20.95","","5290.39"
"23/01/2024","Card payment","STARBUCKS WOKING","13.1","","5277.29"
"23/01/2024","Card payment","SAINSBURYS CO UK","56.36","","5220.93"
"24/01/2024","Card payment","W M MORRISON STORE WOKING","43.62","","5177.31"
"25/01/2024","Card payment","NANDOS WOKING","7.64","","5169.67"
"26/01/2024","Credit","SALARY PAYMENT EMPLOYER","","3850.0","9019.67"
"27/01/2024","Card payment","STAGECOACH WOKING PIRBRIGHT","9.19","","9010.48"
"28/01/2024","Card payment","W M MORRISON STORE WOKING","17.56","","8992.92"
"28/01/2024","Direct Debit","TIMES NEWSPAPERS LTD","26.0","","8966.92"
"29/01/2024","Card payment","W M MORRISON STORE WOKING","41.88","","8925.04"
"29/01/2024","Card payment","ALDI STORES LTD WOKING","35.66","","8889.38"
"30/01/2024","Card payment","TESCO STORES WOKING","33.77","","8855.61"
"30/01/2024","Card payment","UBER EATS","31.19","","8824.42"
"30/01/2024","Card payment","LIDL GB GUILDFORD","57.66","","8766.76"
"30/01/2024","Card payment","MARKS AND SPENCER","56.1","","8710.66"
"01/02/2024","Direct Debit","HALIFAX MORTGAGE","1285.0","","7425.66"
"01/02/2024","Card payment","UBER","13.71","","7411.95"
"01/02/2024","Card payment","BP PETROL WOKING","16.89","","7395.06"
"02/02/2024","Direct Debit","OCTOPUS ENERGY","148.0","","7247.06"
"02/02/2024","Card payment","ALDI STORES LTD WOKING","46.58","","7200.48"
"02/02/2024","Direct Debit","SCRIPTURE UNION MILTON KEYNES","350.0","","6850.48"
"03/02/2024","Card payment","SAINSBURYS CO UK","49.92","","6800.56"
"05/02/2024","Card payment","WWW ROCKANDPOPFOUNDATI ALDERSHOT","3.0","","6797.56"
"05/02/2024","Card payment","TESCO STORES WOKING","25.39","","6772.17"
"05/02/2024","Direct Debit","AFFINITY WATER CCP WEB","32.5","","6739.67"
"07/02/2024","Direct Debit","ICLOUD.COM","2.99","","6736.68"
"08/02/2024","Direct Debit","WOKING BOROUGH COU","195.0","","6541.68"
"08/02/2024","Card payment","AMAZON MARKETPLACE","56.08","","6485.6"
"08/02/2024","Card payment","NEXT RETAIL LTD","39.92","","6445.68"
"09/02/2024","Card payment","SAINSBURYS CO UK","58.19","","6387.49"
"10/02/2024","Direct Debit","L G INSURANCE MI","42.0","","6345.49"
"11/02/2024","Card payment","TESCO STORES WOKING","43.71","","6301.78"
"11/02/2024","Card payment","W M MORRISON STORE WOKING","71.03","","6230.75"
"11/02/2024","Direct Debit","SMARTY CO MAIDENHEAD","15.0","","6215.75"
"11/02/2024","Card payment","TFL CONTACTLESS","26.3","","6189.45"
"12/02/2024","Card payment","SOUTH WEST TRAINS","16.89","","6172.56"
"13/02/2024","Card payment","TESCO STORES WOKING","39.04","","6133.52"
"13/02/2024","Direct Debit","NETFLIX.COM","17.99","","6115.53"
"14/02/2024","Direct Debit","HARLANDS","38.0","","6077.53"
"14/02/2024","Card payment","MCDONALDS WOKING","13.69","","6063.84"
"15/02/2024","Card payment","COSTA COFFEE WOKING","16.33","","6047.51"
"15/02/2024","Card payment","LIDL GB GUILDFORD","20.27","","6027.24"
"15/02/2024","Card payment","LIDL GB GUILDFORD","57.83","","5969.41"
"15/02/2024","Direct Debit","SPOTIFY AB","11.99","","5957.42"
"15/02/2024","Card payment","SAINSBURYS CO UK","45.07","","5912.35"
"17/02/2024","Card payment","STARBUCKS WOKING","25.31","","5887.04"
"17/02/2024","Card payment","MCDONALDS WOKING","7.23","","5879.81"
"18/02/2024","Direct Debit","ADMIRAL INSURANCE","58.51","","5821.3"
"18/02/2024","Card payment","VMS IPAYIMPACT CO UK EDINBURGH","19.8","","5801.5"
"18/02/2024","Card payment","BP PETROL WOKING","8.84","","5792.66"
"20/02/2024","Card payment","WAGAMAMA GUILDFORD","27.03","","5765.63"
"20/02/2024","Card payment","SAINSBURYS CO UK","39.82","","5725.81"
"21/02/2024","Direct Debit","AMAZON PRIME","8.99","","5716.82"
"21/02/2024","Direct Debit","GOCARDLESS","45.0","","5671.82"
"23/02/2024","Direct Debit","PET HEALTH CLUB","22.0","","5649.82"
"24/02/2024","Credit","SALARY PAYMENT EMPLOYER","","3850.0","9499.82"
"24/02/2024","Direct Debit","CANCER RESEARCH UK","22.01","","9477.81"
"24/02/2024","Card payment","NANDOS WOKING","8.04","","9469.77"
"25/02/2024","Card payment","VMS IPAYIMPACT CO UK EDINBURGH","22.92","","9446.85"
"25/02/2024","Card payment","MORECO CAMBERLEY","70.56","","9376.29"
"26/02/2024","Card payment","SAINSBURYS S MKTS BROOKWOOD","63.01","","9313.28"
"26/02/2024","Card payment","W M MORRISON STORE WOKING","36.89","","9276.39"
"26/02/2024","Card payment","BOOTS PHARMACY WOKING","5.0","","9271.39"
"26/02/2024","Card payment","MORECO CAMBERLEY","68.76","","9202.63"
"27/02/2024","Card payment","PRET A MANGER LONDON","17.35","","9185.28"
"28/02/2024","Card payment","NANDOS WOKING","30.21","","9155.07"
"28/02/2024","Direct Debit","TIMES NEWSPAPERS LTD","26.0","","9129.07"
"29/02/2024","Card payment","ALDI STORES LTD WOKING","46.43","","9082.64"
"29/02/2024","Card payment","LIDL GB GUILDFORD","57.96","","9024.68"
"29/02/2024","Card payment","TKMAXX GUILDFORD","72.42","","8952.26"
"29/02/2024","Card payment","SAINSBURYS S MKTS BROOKWOOD","69.56","","8882.7"
"01/03/2024","Direct Debit","HALIFAX MORTGAGE","1285.0","","7597.7"
"02/03/2024","Direct Debit","OCTOPUS ENERGY","148.0","","7449.7"
"02/03/2024","Card payment","SAINSBURYS S MKTS BROOKWOOD","78.6","","7371.1"
"02/03/2024","Card payment","UBER EATS","14.92","","7356.18"
"03/03/2024","Card payment","TKMAXX GUILDFORD","33.77","","7322.41"
"03/03/2024","Direct Debit","SCRIPTURE UNION MILTON KEYNES","350.0","","6972.41"
"03/03/2024","Card payment","SAINSBURYS S MKTS BROOKWOOD","42.67","","6929.74"
"04/03/2024","Card payment","UBER","14.48","","6915.26"
"05/03/2024","Card payment","TESCO STORES WOKING","37.45","","6877.81"
"05/03/2024","Card payment","TFL CONTACTLESS","15.4","","6862.41"
"06/03/2024","Direct Debit","AFFINITY WATER CCP WEB","32.5","","6829.91"
"06/03/2024","Card payment","STAGECOACH WOKING PIRBRIGHT","16.06","","6813.85"
"07/03/2024","Card payment","PRET A MANGER LONDON","34.98","","6778.87"
"08/03/2024","Card payment","SAINSBURYS S MKTS BROOKWOOD","68.48","","6710.39"
"08/03/2024","Card payment","WAGAMAMA GUILDFORD","21.64","","6688.75"
"08/03/2024","Direct Debit","ICLOUD.COM","2.99","","6685.76"
"09/03/2024","Direct Debit","WOKING BOROUGH COU","195.0","","6490.76"
"11/03/2024","Direct Debit","L G INSURANCE MI","42.0","","6448.76"
"11/03/2024","Direct Debit","SMARTY CO MAIDENHEAD","15.0","","6433.76"
"12/03/2024","Card payment","UBER EATS","18.05","","6415.71"
"12/03/2024","Card payment","SAINSBURYS CO UK","42.97","","6372.74"
"13/03/2024","Card payment","VMS IPAYIMPACT CO UK EDINBURGH","33.43","","6339.31"
"13/03/2024","Card payment","ALDI STORES LTD WOKING","57.92","","6281.39"
"14/03/2024","Card payment","JOHN LEWIS GUILDFORD","428.0","","5853.39"
"14/03/2024","Card payment","JUST EAT","15.89","","5837.5"
"14/03/2024","Direct Debit","SPOTIFY AB","11.99","","5825.51"
"15/03/2024","Card payment","LIDL GB GUILDFORD","61.24","","5764.27"
"15/03/2024","Card payment","BP PETROL WOKING","13.79","","5750.48"
"15/03/2024","Card payment","SOUTH WEST TRAINS","13.4","","5737.08"
"15/03/2024","Direct Debit","NETFLIX.COM","17.99","","5719.09"
"16/03/2024","Card payment","JOSHUA ROYLE","54.31","","5664.78"
"16/03/2024","Card payment","SAINSBURYS S MKTS BROOKWOOD","42.46","","5622.32"
"16/03/2024","Direct Debit","HARLANDS","38.0","","5584.32"
"17/03/2024","Direct Debit","ADMIRAL INSURANCE","59.07","","5525.25"
"17/03/2024","Card payment","SAINSBURYS S MKTS BROOKWOOD","53.75","","5471.5"
"20/03/2024","Direct Debit","GOCARDLESS","45.0","","5426.5"
"21/03/2024","Card payment","BP PETROL WOKING","33.71","","5392.79"
"21/03/2024","Direct Debit","AMAZON PRIME","8.99","","5383.8"
"22/03/2024","Direct Debit","PET HEALTH CLUB","22.0","","5361.8"
"22/03/2024","Card payment","STARBUCKS WOKING","14.21","","5347.59"
"24/03/2024","Card payment","DELIVEROO","10.78","","5336.81"
"24/03/2024","Card payment","ALDI STORES LTD WOKING","69.44","","5267.37"
"25/03/2024","Card payment","SAINSBURYS CO UK","39.36","","5228.01"
"26/03/2024","Credit","SALARY PAYMENT EMPLOYER","","3850.0","9078.01"
"26/03/2024","Card payment","SAINSBURYS CO UK","46.1","","9031.91"
"26/03/2024","Card payment","STARBUCKS WOKING","16.55","","9015.36"
"28/03/2024","Card payment","JOHN LEWIS GUILDFORD","44.63","","8970.73"
"28/03/2024","Card payment","COSTA COFFEE WOKING","5.26","","8965.47"
"28/03/2024","Direct Debit","CANCER RESEARCH UK","13.31","","8952.16"
"28/03/2024","Direct Debit","TIMES NEWSPAPERS LTD","26.0","","8926.16"
"28/03/2024","Card payment","UBER","2.0","","8924.16"
"29/03/2024","Card payment","LIDL GB GUILDFORD","44.94","","8879.22"
"29/03/2024","Card payment","SAINSBURYS S MKTS BROOKWOOD","56.7","","8822.52"
"30/03/2024","Card payment","LIDL GB GUILDFORD","25.66","","8796.86"
"30/03/2024","Card payment","SAINSBURYS CO UK","57.33","","8739.53"
"01/04/2024","Card payment","SAINSBURYS S MKTS BROOKWOOD","35.63","","8703.9"
"01/04/2024","Direct Debit","SCRIPTURE UNION MILTON KEYNES","350.0","","8353.9"
"01/04/2024","Card payment","JUST EAT","25.32","","8328.58"
"01/04/2024","Card payment","MARKS AND SPENCER","43.51","","8285.07"
"01/04/2024","Direct Debit","HALIFAX MORTGAGE","1285.0","","7000.07"
"03/04/2024","Card payment","PRET A MANGER LONDON","20.05","","6980.02"
"03/04/2024","Direct Debit","OCTOPUS ENERGY","148.0","","6832.02"
"05/04/2024","Direct Debit","AFFINITY WATER CCP WEB","32.5","","6799.52"
"05/04/2024","Card payment","MORECO CAMBERLEY","77.25","","6722.27"
"06/04/2024","Card payment","W M MORRISON STORE WOKING","66.24","","6656.03"
"06/04/2024","Card payment","TFL CONTACTLESS","4.1","","6651.93"
"06/04/2024","Direct Debit","ICLOUD.COM","2.99","","6648.94"
"07/04/2024","Card payment","PRET A MANGER LONDON","29.76","","6619.18"
"08/04/2024","Card payment","TESCO STORES WOKING","26.77","","6592.41"
"08/04/2024","Card payment","LIDL GB GUILDFORD","62.56","","6529.85"
"09/04/2024","Card payment","WWW ROCKANDPOPFOUNDATI ALDERSHOT","14.86","","6514.99"
"09/04/2024","Direct Debit","PARISH GIVING SCHE","27.32","","6487.67"
"09/04/2024","Direct Debit","WOKING BOROUGH COU","195.0","","6292.67"
"09/04/2024","Card payment","SAINSBURYS S MKTS BROOKWOOD","91.43","","6201.24"
"09/04/2024","Card payment","MCDONALDS WOKING","3.53","","6197.71"
"11/04/2024","Direct Debit","L G INSURANCE MI","42.0","","6155.71"
"12/04/2024","Card payment","STAGECOACH WOKING PIRBRIGHT","20.25","","6135.46"
"13/04/2024","Direct Debit","NETFLIX.COM","17.99","","6117.47"
"13/04/2024","Direct Debit","SMARTY CO MAIDENHEAD","15.0","","6102.47"
"14/04/2024","Direct Debit","SPOTIFY AB","11.99","","6090.48"
"15/04/2024","Card payment","DELIVEROO","10.95","","6079.53"
"15/04/2024","Card payment","TESCO STORES WOKING","53.79","","6025.74"
"16/04/2024","Direct Debit","HARLANDS","38.0","","5987.74"
"16/04/2024","Card payment","MORECO CAMBERLEY","41.81","","5945.93"
"18/04/2024","Card payment","VMS IPAYIMPACT CO UK EDINBURGH","24.93","","5921.0"
"19/04/2024","Direct Debit","ADMIRAL INSURANCE","60.26","","5860.74"
"20/04/2024","Card payment","VMS IPAYIMPACT CO UK EDINBURGH","40.66","","5820.08"
"20/04/2024","Direct Debit","AMAZON PRIME","8.99","","5811.09"
"20/04/2024","Card payment","TKMAXX GUILDFORD","49.48","","5761.61"
"20/04/2024","Card payment","STARBUCKS WOKING","6.92","","5754.69"
"20/04/2024","Card payment","LIDL GB GUILDFORD","34.17","","5720.52"
"21/04/2024","Card payment","NEXT RETAIL LTD","44.53","","5675.99"
"21/04/2024","Direct Debit","GOCARDLESS","45.0","","5630.99"
"22/04/2024","Direct Debit","PET HEALTH CLUB","22.0","","5608.99"
"22/04/2024","Card payment","PALMER CHIROPRACTIC WOKING APPLEPAY","41.4","","5567.59"
"22/04/2024","Card payment","MORECO CAMBERLEY","53.23","","5514.36"
"22/04/2024","Card payment","TESCO STORES WOKING","24.09","","5490.27"
"25/04/2024","Credit","SALARY PAYMENT EMPLOYER","","3850.0","9340.27"
"26/04/2024","Card payment","TESCO STORES WOKING","42.94","","9297.33"
"27/04/2024","Card payment","BP PETROL WOKING","3.44","","9293.89"
"27/04/2024","Card payment","NEXT RETAIL LTD","45.62","","9248.27"
"28/04/2024","Direct Debit","TIMES NEWSPAPERS LTD","26.0","","9222.27"
"29/04/2024","Card payment","ALDI STORES LTD WOKING","79.9","","9142.37"
"29/04/2024","Card payment","SOUTH WEST TRAINS","16.08","","9126.29"
"30/04/2024","Card payment","DELIVEROO","19.66","","9106.63"
"30/04/2024","Card payment","STARBUCKS WOKING","15.1","","9091.53"
"30/04/2024","Card payment","MORECO CAMBERLEY","35.45","","9056.08"
"30/04/2024","Card payment","SAINSBURYS CO UK","60.52","","8995.56"
"30/04/2024","Card payment","SAINSBURYS CO UK","32.88","","8962.68"
"01/05/2024","Card payment","MARKS AND SPENCER","28.18","","8934.5"
"01/05/2024","Card payment","MCDONALDS WOKING","15.62","","8918.88"
"02/05/2024","Card payment","ALDI STORES LTD WOKING","30.56","","8888.32"
"02/05/2024","Direct Debit","HALIFAX MORTGAGE","1285.0","","7603.32"
"02/05/2024","Direct Debit","SCRIPTURE UNION MILTON KEYNES","350.0","","7253.32"
"04/05/2024","Card payment","WWW ROCKANDPOPFOUNDATI ALDERSHOT","13.16","","7240.16"
"04/05/2024","Card payment","TESCO STORES WOKING","63.82","","7176.34"
"04/05/2024","Direct Debit","OCTOPUS ENERGY","148.0","","7028.34"
"05/05/2024","Card payment","SAINSBURYS S MKTS BROOKWOOD","66.17","","6962.17"
"05/05/2024","Direct Debit","AFFINITY WATER CCP WEB","32.5","","6929.67"
"06/05/2024","Card payment","MORECO CAMBERLEY","34.46","","6895.21"
"07/05/2024","Direct Debit","ICLOUD.COM","2.99","","6892.22"
"08/05/2024","Card payment","JOHN LEWIS GUILDFORD","5.0","","6887.22"
"08/05/2024","Card payment","SOUTH WEST TRAINS","19.71","","6867.51"
"08/05/2024","Card payment","ALDI STORES LTD WOKING","72.85","","6794.66"
"08/05/2024","Card payment","LIDL GB GUILDFORD","69.34","","6725.32"
"09/05/2024","Direct Debit","WOKING BOROUGH COU","195.0","","6530.32"
"09/05/2024","Card payment","TESCO STORES WOKING","37.23","","6493.09"
"09/05/2024","Card payment","MCDONALDS WOKING","8.36","","6484.73"
"10/05/2024","Card payment","TKMAXX GUILDFORD","36.4","","6448.33"
"10/05/2024","Direct Debit","L G INSURANCE MI","42.0","","6406.33"
"11/05/2024","Card payment","JOSHUA ROYLE","72.13","","6334.2"
"12/05/2024","Direct Debit","SMARTY CO MAIDENHEAD","15.0","","6319.2"
"13/05/2024","Direct Debit","SPOTIFY AB","11.99","","6307.21"
"13/05/2024","Card payment","UBER","17.86","","6289.35"
"14/05/2024","Direct Debit","HARLANDS","38.0","","6251.35"
"14/05/2024","Direct Debit","NETFLIX.COM","17.99","","6233.36"
"16/05/2024","Card payment","SAINSBURYS S MKTS BROOKWOOD","86.14","","6147.22"
"16/05/2024","Card payment","MORECO CAMBERLEY","66.8","","6080.42"
"17/05/2024","Card payment","W M MORRISON STORE WOKING","47.58","","6032.84"
"17/05/2024","Card payment","VET4PETS WOKING","19.58","","6013.26"
"19/05/2024","Direct Debit","ADMIRAL INSURANCE","59.42","","5953.84"
"19/05/2024","Card payment","TESCO STORES WOKING","59.43","","5894.41"
"19/05/2024","Direct Debit","GOCARDLESS","45.0","","5849.41"
"20/05/2024","Direct Debit","AMAZON PRIME","8.99","","5840.42"
"23/05/2024","Direct Debit","PET HEALTH CLUB","22.0","","5818.42"
"24/05/2024","Credit","SALARY PAYMENT EMPLOYER","","3850.0","9668.42"
"24/05/2024","Card payment","DELIVEROO","42.48","","9625.94"
"24/05/2024","Card payment","SAINSBURYS CO UK","38.43","","9587.51"
"26/05/2024","Card payment","MCDONALDS WOKING","18.12","","9569.39"
"26/05/2024","Card payment","UBER EATS","23.63","","9545.76"
"26/05/2024","Card payment","WAGAMAMA GUILDFORD","10.29","","9535.47"
"26/05/2024","Card payment","TKMAXX GUILDFORD","19.37","","9516.1"
"27/05/2024","Card payment","SAINSBURYS CO UK","35.99","","9480.11"
"27/05/2024","Card payment","SAINSBURYS S MKTS BROOKWOOD","37.32","","9442.79"
"27/05/2024","Direct Debit","TIMES NEWSPAPERS LTD","26.0","","9416.79"
"27/05/2024","Card payment","TFL CONTACTLESS","17.79","","9399.0"
"27/05/2024","Card payment","WWW ROCKANDPOPFOUNDATI ALDERSHOT","23.73","","9375.27"
"28/05/2024","Card payment","TFL CONTACTLESS","12.21","","9363.06"
"29/05/2024","Card payment","UBER EATS","31.08","","9331.98"
"29/05/2024","Card payment","LIDL GB GUILDFORD","66.89","","9265.09"
"30/05/2024","Card payment","TESCO STORES WOKING","58.14","","9206.95"
"31/05/2024","Card payment","B AND Q WOKING","193.84","","9013.11"
"31/05/2024","Card payment","VMS IPAYIMPACT CO UK EDINBURGH","25.85","","8987.26"
"31/05/2024","Card payment","LIDL GB GUILDFORD","50.61","","8936.65"
"31/05/2024","Card payment","SAINSBURYS CO UK","56.98","","8879.67"
"31/05/2024","Direct Debit","CANCER RESEARCH UK","27.14","","8852.53"
"01/06/2024","Card payment","TESCO STORES WOKING","31.43","","8821.1"
"01/06/2024","Direct Debit","HALIFAX MORTGAGE","1285.0","","7536.1"
"01/06/2024","Direct Debit","SCRIPTURE UNION MILTON KEYNES","350.0","","7186.1"
"02/06/2024","Card payment","SOUTH WEST TRAINS","19.44","","7166.66"
"03/06/2024","Card payment","WAGAMAMA GUILDFORD","18.58","","7148.08"
"04/06/2024","Direct Debit","OCTOPUS ENERGY","148.0","","7000.08"
"05/06/2024","Direct Debit","AFFINITY WATER CCP WEB","32.5","","6967.58"
"05/06/2024","Card payment","UBER","8.28","","6959.3"
"06/06/2024","Card payment","ALDI STORES LTD WOKING","71.49","","6887.81"
"06/06/2024","Card payment","ALDI STORES LTD WOKING","62.09","","6825.72"
"07/06/2024","Card payment","TESCO STORES WOKING","58.44","","6767.28"
"07/06/2024","Direct Debit","ICLOUD.COM","2.99","","6764.29"
"08/06/2024","Card payment","ALDI STORES LTD WOKING","27.2","","6737.09"
"08/06/2024","Direct Debit","WOKING BOROUGH COU","195.0","","6542.09"
"08/06/2024","Card payment","SOUTH WEST TRAINS","5.38","","6536.71"
"10/06/2024","Card payment","TESCO STORES WOKING","35.12","","6501.59"
"10/06/2024","Card payment","MORECO CAMBERLEY","70.97","","6430.62"
"10/06/2024","Card payment","PRET A MANGER LONDON","13.75","","6416.87"
"11/06/2024","Direct Debit","L G INSURANCE MI","42.0","","6374.87"
"12/06/2024","Direct Debit","SMARTY CO MAIDENHEAD","15.0","","6359.87"
"13/06/2024","Card payment","ARGOS LTD WOKING","85.17","","6274.7"
"13/06/2024","Card payment","JOHN LEWIS GUILDFORD","51.95","","6222.75"
"14/06/2024","Direct Debit","NETFLIX.COM","17.99","","6204.76"
"15/06/2024","Card payment","TFL CONTACTLESS","14.36","","6190.4"
"15/06/2024","Card payment","WAGAMAMA GUILDFORD","38.83","","6151.57"
"15/06/2024","Card payment","JUST EAT","18.74","","6132.83"
"15/06/2024","Direct Debit","HARLANDS","38.0","","6094.83"
"15/06/2024","Direct Debit","SPOTIFY AB","11.99","","6082.84"
"15/06/2024","Card payment","ALDI STORES LTD WOKING","61.25","","6021.59"
"16/06/2024","Card payment","BP PETROL WOKING","8.16","","6013.43"
"17/06/2024","Card payment","ALDI STORES LTD WOKING","121.35","","5892.08"
"17/06/2024","Card payment","JUST EAT","3.0","","5889.08"
"17/06/2024","Card payment","TESCO STORES WOKING","61.27","","5827.81"
"18/06/2024","Card payment","VMS IPAYIMPACT CO UK EDINBURGH","30.52","","5797.29"
"19/06/2024","Direct Debit","ADMIRAL INSURANCE","58.17","","5739.12"
"20/06/2024","Direct Debit","AMAZON PRIME","8.99","","5730.13"
"20/06/2024","Card payment","LIDL GB GUILDFORD","61.27","","5668.86"
"21/06/2024","Direct Debit","GOCARDLESS","45.0","","5623.86"
"22/06/2024","Card payment","DELIVEROO","27.8","","5596.06"
"22/06/2024","Card payment","STARBUCKS WOKING","3.49","","5592.57"
"23/06/2024","Card payment","MARKS AND SPENCER","23.66","","5568.91"
"23/06/2024","Direct Debit","PET HEALTH CLUB","22.0","","5546.91"
"23/06/2024","Card payment","PALMER CHIROPRACTIC WOKING APPLEPAY","15.0","","5531.91"
"23/06/2024","Card payment","MORECO CAMBERLEY","63.73","","5468.18"
"24/06/2024","Card payment","MORECO CAMBERLEY","62.28","","5405.9"
"24/06/2024","Credit","SALARY PAYMENT EMPLOYER","","3850.0","9255.9"
"25/06/2024","Direct Debit","CANCER RESEARCH UK","26.86","","9229.04"
"26/06/2024","Card payment","SAINSBURYS CO UK","69.17","","9159.87"
"26/06/2024","Card payment","DELIVEROO","13.63","","9146.24"
"26/06/2024","Card payment","MCDONALDS WOKING","24.18","","9122.06"
"26/06/2024","Card payment","VET4PETS WOKING","30.09","","9091.97"
"27/06/2024","Direct Debit","TIMES NEWSPAPERS LTD","26.0","","9065.97"
"27/06/2024","Card payment","W M MORRISON STORE WOKING","72.44","","8993.53"
"28/06/2024","Card payment","UBER","15.73","","8977.8"
"29/06/2024","Card payment","W M MORRISON STORE WOKING","38.09","","8939.71"
"29/06/2024","Card payment","TESCO STORES WOKING","46.33","","8893.38"
"30/06/2024","Card payment","SAINSBURYS CO UK","47.74","","8845.64"
"30/06/2024","Card payment","MORECO CAMBERLEY","65.66","","8779.98"
"01/07/2024","Direct Debit","HALIFAX MORTGAGE","1285.0","","7494.98"
"01/07/2024","Card payment","ARGOS LTD WOKING","42.38","","7452.6"
"02/07/2024","Direct Debit","OCTOPUS ENERGY","148.0","","7304.6"
"03/07/2024","Card payment","LIDL GB GUILDFORD","30.39","","7274.21"
"03/07/2024","Direct Debit","SCRIPTURE UNION MILTON KEYNES","350.0","","6924.21"
"04/07/2024","Card payment","W M MORRISON STORE WOKING","49.93","","6874.28"
"05/07/2024","Direct Debit","AFFINITY WATER CCP WEB","32.5","","6841.78"
"06/07/2024","Direct Debit","PARISH GIVING SCHE","26.14","","6815.64"
"07/07/2024","Card payment","ALDI STORES LTD WOKING","67.58","","6748.06"
"07/07/2024","Card payment","SAINSBURYS CO UK","61.09","","6686.97"
"08/07/2024","Card payment","ALDI STORES LTD WOKING","40.24","","6646.73"
"08/07/2024","Direct Debit","ICLOUD.COM","2.99","","6643.74"
"09/07/2024","Direct Debit","CANCER RESEARCH UK","31.62","","6612.12"
"09/07/2024","Card payment","TFL CONTACTLESS","10.48","","6601.64"
"09/07/2024","Direct Debit","WOKING BOROUGH COU","195.0","","6406.64"
"09/07/2024","Card payment","WWW ROCKANDPOPFOUNDATI ALDERSHOT","43.33","","6363.31"
"10/07/2024","Card payment","SAINSBURYS CO UK","83.78","","6279.53"
"10/07/2024","Card payment","UBER EATS","8.78","","6270.75"
"10/07/2024","Card payment","MORECO CAMBERLEY","43.45","","6227.3"
"11/07/2024","Direct Debit","L G INSURANCE MI","42.0","","6185.3"
"13/07/2024","Card payment","STAGECOACH WOKING PIRBRIGHT","25.53","","6159.77"
"13/07/2024","Direct Debit","SMARTY CO MAIDENHEAD","15.0","","6144.77"
"13/07/2024","Card payment","SAINSBURYS CO UK","45.98","","6098.79"
"14/07/2024","Card payment","PALMER CHIROPRACTIC WOKING APPLEPAY","47.29","","6051.5"
"15/07/2024","Direct Debit","SPOTIFY AB","11.99","","6039.51"
"15/07/2024","Direct Debit","NETFLIX.COM","17.99","","6021.52"
"15/07/2024","Card payment","VET4PETS WOKING","70.55","","5950.97"
"16/07/2024","Card payment","SAINSBURYS CO UK","68.52","","5882.45"
"16/07/2024","Card payment","MORECO CAMBERLEY","90.2","","5792.25"
"16/07/2024","Card payment","UBER","15.05","","5777.2"
"16/07/2024","Direct Debit","HARLANDS","38.0","","5739.2"
"16/07/2024","Card payment","SOUTH WEST TRAINS","2.56","","5736.64"
"16/07/2024","Card payment","COSTA COFFEE WOKING","17.46","","5719.18"
"17/07/2024","Direct Debit","ADMIRAL INSURANCE","55.62","","5663.56"
"17/07/2024","Card payment","W M MORRISON STORE WOKING","59.29","","5604.27"
"18/07/2024","Card payment","PRET A MANGER LONDON","6.77","","5597.5"
"19/07/2024","Card payment","NEXT RETAIL LTD","24.8","","5572.7"
"19/07/2024","Card payment","SAINSBURYS S MKTS BROOKWOOD","29.3","","5543.4"
"20/07/2024","Direct Debit","GOCARDLESS","45.0","","5498.4"
"20/07/2024","Card payment","NEXT RETAIL LTD","48.17","","5450.23"
"21/07/2024","Direct Debit","AMAZON PRIME","8.99","","5441.24"
"22/07/2024","Card payment","BOOKING.COM AMSTERDAM","612.5","","4828.74"
"22/07/2024","Direct Debit","PET HEALTH CLUB","22.0","","4806.74"
"22/07/2024","Card payment","AMAZON MARKETPLACE","39.54","","4767.2"
"22/07/2024","Card payment","MORECO CAMBERLEY","24.65","","4742.55"
"22/07/2024","Card payment","SHELL PETROL CAMBERLEY","2.51","","4740.04"
"24/07/2024","Card payment","SOUTH WEST TRAINS","14.08","","4725.96"
"24/07/2024","Credit","SALARY PAYMENT EMPLOYER","","3850.0","8575.96"
"25/07/2024","Card payment","WWW ROCKANDPOPFOUNDATI ALDERSHOT","9.62","","8566.34"
"25/07/2024","Card payment","W M MORRISON STORE WOKING","43.28","","8523.06"
"26/07/2024","Card payment","TFL CONTACTLESS","23.31","","8499.75"
"27/07/2024","Card payment","SAINSBURYS CO UK","70.58","","8429.17"
"28/07/2024","Direct Debit","TIMES NEWSPAPERS LTD","26.0","","8403.17"
"28/07/2024","Card payment","UBER EATS","15.73","","8387.44"
"28/07/2024","Card payment","UBER EATS","9.66","","8377.78"
"29/07/2024","Card payment","LIDL GB GUILDFORD","39.26","","8338.52"
"29/07/2024","Card payment","SOUTH WEST TRAINS","27.06","","8311.46"
"30/07/2024","Card payment","JOHN LEWIS GUILDFORD","16.41","","8295.05"
"30/07/2024","Card payment","SAINSBURYS S MKTS BROOKWOOD","74.8","","8220.25"
"30/07/2024","Card payment","MORECO CAMBERLEY","59.99","","8160.26"
"31/07/2024","Card payment","DELIVEROO","3.0","","8157.26"
"31/07/2024","Card payment","ALDI STORES LTD WOKING","65.94","","8091.32"
"01/08/2024","Direct Debit","HALIFAX MORTGAGE","1285.0","","6806.32"
"01/08/2024","Card payment","TESCO STORES WOKING","57.06","","6749.26"
"01/08/2024","Card payment","TFL CONTACTLESS","9.27","","6739.99"
"02/08/2024","Direct Debit","OCTOPUS ENERGY","148.0","","6591.99"
"02/08/2024","Card payment","SAINSBURYS CO UK","49.27","","6542.72"
"03/08/2024","Card payment","PRET A MANGER LONDON","29.5","","6513.22"
"03/08/2024","Direct Debit","SCRIPTURE UNION MILTON KEYNES","350.0","","6163.22"
"04/08/2024","Card payment","ALDI STORES LTD WOKING","62.59","","6100.63"
"04/08/2024","Card payment","TFL CONTACTLESS","12.38","","6088.25"
"06/08/2024","Direct Debit","ICLOUD.COM","2.99","","6085.26"
"06/08/2024","Card payment","MARKS AND SPENCER","55.9","","6029.36"
"06/08/2024","Direct Debit","AFFINITY WATER CCP WEB","32.5","","5996.86"
"09/08/2024","Card payment","NEXT RETAIL LTD","38.46","","5958.4"
"09/08/2024","Direct Debit","CANCER RESEARCH UK","23.7","","5934.7"
"09/08/2024","Direct Debit","L G INSURANCE MI","42.0","","5892.7"
"09/08/2024","Direct Debit","WOKING BOROUGH COU","195.0","","5697.7"
"10/08/2024","Card payment","SAINSBURYS CO UK","43.13","","5654.57"
"10/08/2024","Card payment","LIDL GB GUILDFORD","48.25","","5606.32"
"11/08/2024","Card payment","VMS IPAYIMPACT CO UK EDINBURGH","11.94","","5594.38"
"11/08/2024","Card payment","ALDI STORES LTD WOKING","40.79","","5553.59"
"12/08/2024","Card payment","PRET A MANGER LONDON","17.81","","5535.78"
"12/08/2024","Direct Debit","SMARTY CO MAIDENHEAD","15.0","","5520.78"
"13/08/2024","Direct Debit","NETFLIX.COM","17.99","","5502.79"
"13/08/2024","Direct Debit","SPOTIFY AB","11.99","","5490.8"
"14/08/2024","Direct Debit","HARLANDS","38.0","","5452.8"
"14/08/2024","Card payment","DELIVEROO","19.06","","5433.74"
"15/08/2024","Card payment","TESCO STORES WOKING","58.43","","5375.31"
"15/08/2024","Card payment","PETS AT HOME LTD WOKING","27.27","","5348.04"
"16/08/2024","Card payment","W M MORRISON STORE WOKING","67.29","","5280.75"
"17/08/2024","Card payment","MARKS AND SPENCER","66.72","","5214.03"
"19/08/2024","Card payment","WWW ROCKANDPOPFOUNDATI ALDERSHOT","42.92","","5171.11"
"19/08/2024","Direct Debit","ADMIRAL INSURANCE","52.14","","5118.97"
"20/08/2024","Direct Debit","AMAZON PRIME","8.99","","5109.98"
"21/08/2024","Direct Debit","PET HEALTH CLUB","22.0","","5087.98"
"21/08/2024","Direct Debit","GOCARDLESS","45.0","","5042.98"
"21/08/2024","Card payment","TFL CONTACTLESS","22.79","","5020.19"
"21/08/2024","Card payment","LIDL GB GUILDFORD","41.39","","4978.8"
"23/08/2024","Card payment","SOUTH WEST TRAINS","20.6","","4958.2"
"23/08/2024","Card payment","NANDOS WOKING","12.96","","4945.24"
"24/08/2024","Credit","SALARY PAYMENT EMPLOYER","","3850.0","8795.24"
"24/08/2024","Card payment","TESCO STORES WOKING","39.53","","8755.71"
"25/08/2024","Card payment","ALDI STORES LTD WOKING","57.53","","8698.18"
"25/08/2024","Card payment","ARGOS LTD WOKING","31.17","","8667.01"
"26/08/2024","Card payment","COSTA COFFEE WOKING","23.49","","8643.52"
"26/08/2024","Card payment","NEXT RETAIL LTD","53.0","","8590.52"
"27/08/2024","Card payment","MORECO CAMBERLEY","68.19","","8522.33"
"27/08/2024","Direct Debit","TIMES NEWSPAPERS LTD","26.0","","8496.33"
"27/08/2024","Direct Debit","PARISH GIVING SCHE","30.95","","8465.38"
"27/08/2024","Card payment","TFL CONTACTLESS","18.38","","8447.0"
"27/08/2024","Card payment","LLOYDS PHARMACY WOKING","61.48","","8385.52"
"28/08/2024","Direct Debit","PARISH GIVING SCHE","25.97","","8359.55"
"28/08/2024","Card payment","STARBUCKS WOKING","24.73","","8334.82"
"29/08/2024","Card payment","TESCO STORES WOKING","66.63","","8268.19"
"31/08/2024","Card payment","SAINSBURYS CO UK","37.08","","8231.11"
"31/08/2024","Card payment","STAGECOACH WOKING PIRBRIGHT","12.26","","8218.85"
"31/08/2024","Card payment","LIDL GB GUILDFORD","63.33","","8155.52"
"01/09/2024","Direct Debit","HALIFAX MORTGAGE","1285.0","","6870.52"
"02/09/2024","Direct Debit","SCRIPTURE UNION MILTON KEYNES","350.0","","6520.52"
"02/09/2024","Direct Debit","CANCER RESEARCH UK","29.02","","6491.5"
"02/09/2024","Card payment","BP PETROL WOKING","13.85","","6477.65"
"03/09/2024","Direct Debit","OCTOPUS ENERGY","148.0","","6329.65"
"04/09/2024","Card payment","WAGAMAMA GUILDFORD","20.8","","6308.85"
"04/09/2024","Card payment","VMS IPAYIMPACT CO UK EDINBURGH","28.9","","6279.95"
"04/09/2024","Direct Debit","AFFINITY WATER CCP WEB","32.5","","6247.45"
"04/09/2024","Card payment","TESCO STORES WOKING","72.85","","6174.6"
"05/09/2024","Card payment","SHELL PETROL CAMBERLEY","16.58","","6158.02"
"06/09/2024","Card payment","ALDI STORES LTD WOKING","63.31","","6094.71"
"06/09/2024","Card payment","MORECO CAMBERLEY","63.23","","6031.48"
"06/09/2024","Direct Debit","ICLOUD.COM","2.99","","6028.49"
"07/09/2024","Card payment","WAGAMAMA GUILDFORD","4.97","","6023.52"
"07/09/2024","Card payment","SAINSBURYS CO UK","66.25","","5957.27"
"08/09/2024","Direct Debit","WOKING BOROUGH COU","195.0","","5762.27"
"08/09/2024","Card payment","SAINSBURYS S MKTS BROOKWOOD","35.85","","5726.42"
"09/09/2024","Card payment","PRET A MANGER LONDON","11.53","","5714.89"
"09/09/2024","Card payment","UBER","5.98","","5708.91"
"10/09/2024","Card payment","WAGAMAMA GUILDFORD","31.28","","5677.63"
"10/09/2024","Direct Debit","L G INSURANCE MI","42.0","","5635.63"
"10/09/2024","Card payment","SAINSBURYS CO UK","53.36","","5582.27"
"10/09/2024","Card payment","COSTA COFFEE WOKING","16.56","","5565.71"
"10/09/2024","Card payment","SHELL PETROL CAMBERLEY","11.69","","5554.02"
"11/09/2024","Card payment","LIDL GB GUILDFORD","51.78","","5502.24"
"11/09/2024","Card payment","ALDI STORES LTD WOKING","39.81","","5462.43"
"12/09/2024","Card payment","MCDONALDS WOKING","25.72","","5436.71"
"12/09/2024","Direct Debit","SMARTY CO MAIDENHEAD","15.0","","5421.71"
"13/09/2024","Direct Debit","SPOTIFY AB","11.99","","5409.72"
"13/09/2024","Card payment","WWW ROCKANDPOPFOUNDATI ALDERSHOT","17.99","","5391.73"
"15/09/2024","Direct Debit","NETFLIX.COM","17.99","","5373.74"
"15/09/2024","Card payment","JOSHUA ROYLE","52.82","","5320.92"
"15/09/2024","Direct Debit","HARLANDS","38.0","","5282.92"
"17/09/2024","Card payment","ALDI STORES LTD WOKING","69.55","","5213.37"
"17/09/2024","Direct Debit","ADMIRAL INSURANCE","54.36","","5159.01"
"18/09/2024","Card payment","TESCO STORES WOKING","37.14","","5121.87"
"19/09/2024","Card payment","BOOTS PHARMACY WOKING","71.72","","5050.15"
"19/09/2024","Card payment","W M MORRISON STORE WOKING","49.35","","5000.8"
"20/09/2024","Card payment","NANDOS WOKING","16.08","","4984.72"
"21/09/2024","Direct Debit","GOCARDLESS","45.0","","4939.72"
"21/09/2024","Card payment","SCREWFIX DIRECT GUILDFORD","200.17","","4739.55"
"22/09/2024","Direct Debit","AMAZON PRIME","8.99","","4730.56"
"23/09/2024","Card payment","PRET A MANGER LONDON","17.83","","4712.73"
"23/09/2024","Direct Debit","PET HEALTH CLUB","22.0","","4690.73"
"24/09/2024","Card payment","ALDI STORES LTD WOKING","41.85","","4648.88"
"24/09/2024","Card payment","JUST EAT","5.33","","4643.55"
"25/09/2024","Card payment","MCDONALDS WOKING","20.09","","4623.46"
"25/09/2024","Credit","SALARY PAYMENT EMPLOYER","","3850.0","8473.46"
"25/09/2024","Card payment","W M MORRISON STORE WOKING","37.2","","8436.26"
"25/09/2024","Card payment","ALDI STORES LTD WOKING","46.22","","8390.04"
"26/09/2024","Card payment","W M MORRISON STORE WOKING","59.43","","8330.61"
"27/09/2024","Direct Debit","TIMES NEWSPAPERS LTD","26.0","","8304.61"
"28/09/2024","Card payment","TFL CONTACTLESS","7.38","","8297.23"
"28/09/2024","Card payment","AMAZON MARKETPLACE","49.43","","8247.8"
"29/09/2024","Card payment","ALDI STORES LTD WOKING","43.52","","8204.28"
"29/09/2024","Card payment","W M MORRISON STORE WOKING","42.88","","8161.4"
"29/09/2024","Card payment","ALDI STORES LTD WOKING","56.41","","8104.99"
"30/09/2024","Card payment","SAINSBURYS CO UK","56.39","","8048.6"
"01/10/2024","Direct Debit","HALIFAX MORTGAGE","1285.0","","6763.6"
"02/10/2024","Direct Debit","OCTOPUS ENERGY","148.0","","6615.6"
"02/10/2024","Card payment","JOSHUA ROYLE","55.94","","6559.66"
"03/10/2024","Card payment","WAGAMAMA GUILDFORD","11.17","","6548.49"
"03/10/2024","Direct Debit","PARISH GIVING SCHE","14.32","","6534.17"
"03/10/2024","Card payment","TESCO STORES WOKING","52.44","","6481.73"
"03/10/2024","Direct Debit","SCRIPTURE UNION MILTON KEYNES","350.0","","6131.73"
"03/10/2024","Card payment","LIDL GB GUILDFORD","53.76","","6077.97"
"03/10/2024","Card payment","COSTA COFFEE WOKING","6.12","","6071.85"
"05/10/2024","Card payment","SAINSBURYS S MKTS BROOKWOOD","60.96","","6010.89"
"05/10/2024","Card payment","MORECO CAMBERLEY","38.09","","5972.8"
"05/10/2024","Direct Debit","DVLA NVXNR","195.0","","5777.8"
"06/10/2024","Direct Debit","AFFINITY WATER CCP WEB","32.5","","5745.3"
"08/10/2024","Direct Debit","ICLOUD.COM","2.99","","5742.31"
"08/10/2024","Direct Debit","WOKING BOROUGH COU","195.0","","5547.31"
"09/10/2024","Direct Debit","PARISH GIVING SCHE","31.23","","5516.08"
"09/10/2024","Direct Debit","L G INSURANCE MI","42.0","","5474.08"
"10/10/2024","Card payment","ALDI STORES LTD WOKING","90.76","","5383.32"
"11/10/2024","Direct Debit","SMARTY CO MAIDENHEAD","15.0","","5368.32"
"11/10/2024","Direct Debit","OXFAM GB","20.5","","5347.82"
"13/10/2024","Card payment","SAINSBURYS CO UK","69.27","","5278.55"
"14/10/2024","Card payment","STARBUCKS WOKING","34.89","","5243.66"
"14/10/2024","Direct Debit","HARLANDS","38.0","","5205.66"
"14/10/2024","Card payment","SAINSBURYS CO UK","78.12","","5127.54"
"15/10/2024","Card payment","UBER","24.83","","5102.71"
"15/10/2024","Card payment","SAINSBURYS CO UK","55.3","","5047.41"
"15/10/2024","Direct Debit","NETFLIX.COM","17.99","","5029.42"
"15/10/2024","Direct Debit","SPOTIFY AB","11.99","","5017.43"
"16/10/2024","Card payment","TESCO STORES WOKING","67.7","","4949.73"
"16/10/2024","Card payment","ARGOS LTD WOKING","38.12","","4911.61"
"16/10/2024","Card payment","SAINSBURYS CO UK","38.19","","4873.42"
"17/10/2024","Card payment","NEXT RETAIL LTD","24.81","","4848.61"
"18/10/2024","Direct Debit","ADMIRAL INSURANCE","58.04","","4790.57"
"18/10/2024","Card payment","WAGAMAMA GUILDFORD","26.55","","4764.02"
"19/10/2024","Card payment","VMS IPAYIMPACT CO UK EDINBURGH","27.14","","4736.88"
"19/10/2024","Card payment","VMS IPAYIMPACT CO UK EDINBURGH","20.58","","4716.3"
"20/10/2024","Card payment","SHELL PETROL CAMBERLEY","23.44","","4692.86"
"20/10/2024","Direct Debit","AMAZON PRIME","8.99","","4683.87"
"21/10/2024","Card payment","MCDONALDS WOKING","12.81","","4671.06"
"21/10/2024","Direct Debit","GOCARDLESS","45.0","","4626.06"
"22/10/2024","Direct Debit","PET HEALTH CLUB","22.0","","4604.06"
"23/10/2024","Card payment","BOOTS PHARMACY WOKING","35.48","","4568.58"
"23/10/2024","Card payment","ARGOS LTD WOKING","65.23","","4503.35"
"24/10/2024","Credit","SALARY PAYMENT EMPLOYER","","3850.0","8353.35"
"25/10/2024","Card payment","WWW ROCKANDPOPFOUNDATI ALDERSHOT","23.2","","8330.15"
"25/10/2024","Card payment","W M MORRISON STORE WOKING","36.89","","8293.26"
"25/10/2024","Card payment","MORECO CAMBERLEY","91.42","","8201.84"
"26/10/2024","Card payment","STAGECOACH WOKING PIRBRIGHT","28.65","","8173.19"
"26/10/2024","Card payment","WAGAMAMA GUILDFORD","21.08","","8152.11"
"27/10/2024","Card payment","BP PETROL WOKING","10.25","","8141.86"
"27/10/2024","Card payment","MCDONALDS WOKING","22.43","","8119.43"
"27/10/2024","Card payment","TESCO STORES WOKING","37.45","","8081.98"
"28/10/2024","Direct Debit","TIMES NEWSPAPERS LTD","26.0","","8055.98"
"29/10/2024","Card payment","W M MORRISON STORE WOKING","41.21","","8014.77"
"30/10/2024","Card payment","NANDOS WOKING","9.91","","8004.86"
"30/10/2024","Card payment","NANDOS WOKING","19.35","","7985.51"
"30/10/2024","Card payment","STAGECOACH WOKING PIRBRIGHT","2.0","","7983.51"
"31/10/2024","Card payment","W M MORRISON STORE WOKING","13.77","","7969.74"
"31/10/2024","Card payment","LIDL GB GUILDFORD","42.54","","7927.2"
"31/10/2024","Card payment","BOOTS PHARMACY WOKING","5.0","","7922.2"
"01/11/2024","Direct Debit","HALIFAX MORTGAGE","1285.0","","6637.2"
"01/11/2024","Card payment","BP PETROL WOKING","14.59","","6622.61"
"02/11/2024","Direct Debit","SCRIPTURE UNION MILTON KEYNES","350.0","","6272.61"
"03/11/2024","Card payment","MORECO CAMBERLEY","24.39","","6248.22"
"04/11/2024","Direct Debit","OCTOPUS ENERGY","148.0","","6100.22"
"04/11/2024","Card payment","COSTA COFFEE WOKING","15.58","","6084.64"
"06/11/2024","Direct Debit","AFFINITY WATER CCP WEB","32.5","","6052.14"
"06/11/2024","Card payment","MORECO CAMBERLEY","75.0","","5977.14"
"07/11/2024","Card payment","SAINSBURYS CO UK","31.76","","5945.38"
"07/11/2024","Direct Debit","ICLOUD.COM","2.99","","5942.39"
"07/11/2024","Card payment","NANDOS WOKING","27.53","","5914.86"
"07/11/2024","Card payment","PETS AT HOME LTD WOKING","18.52","","5896.34"
"08/11/2024","Card payment","UBER","2.96","","5893.38"
"08/11/2024","Direct Debit","WOKING BOROUGH COU","195.0","","5698.38"
"09/11/2024","Card payment","WWW ROCKANDPOPFOUNDATI ALDERSHOT","28.7","","5669.68"
"10/11/2024","Card payment","NEXT RETAIL LTD","46.45","","5623.23"
"10/11/2024","Direct Debit","L G INSURANCE MI","42.0","","5581.23"
"10/11/2024","Card payment","BP PETROL WOKING","26.02","","5555.21"
"11/11/2024","Direct Debit","SMARTY CO MAIDENHEAD","15.0","","5540.21"
"11/11/2024","Card payment","SAINSBURYS S MKTS BROOKWOOD","54.08","","5486.13"
"12/11/2024","Card payment","SAINSBURYS S MKTS BROOKWOOD","79.92","","5406.21"
"13/11/2024","Direct Debit","NETFLIX.COM","17.99","","5388.22"
"13/11/2024","Card payment","MORECO CAMBERLEY","57.98","","5330.24"
"14/11/2024","Card payment","UBER","27.03","","5303.21"
"14/11/2024","Card payment","LIDL GB GUILDFORD","38.53","","5264.68"
"14/11/2024","Direct Debit","SPOTIFY AB","11.99","","5252.69"
"15/11/2024","Card payment","UBER","2.0","","5250.69"
"15/11/2024","Direct Debit","OXFAM GB","24.11","","5226.58"
"15/11/2024","Card payment","JUST EAT","3.0","","5223.58"
"15/11/2024","Card payment","LIDL GB GUILDFORD","53.22","","5170.36"
"16/11/2024","Card payment","MARKS AND SPENCER","36.78","","5133.58"
"16/11/2024","Direct Debit","HARLANDS","38.0","","5095.58"
"16/11/2024","Card payment","JOSHUA ROYLE","15.0","","5080.58"
"17/11/2024","Card payment","W M MORRISON STORE WOKING","73.23","","5007.35"
"18/11/2024","Card payment","LIDL GB GUILDFORD","89.09","","4918.26"
"18/11/2024","Card payment","MCDONALDS WOKING","3.0","","4915.26"
"18/11/2024","Direct Debit","ADMIRAL INSURANCE","60.13","","4855.13"
"19/11/2024","Card payment","LIDL GB GUILDFORD","83.6","","4771.53"
"20/11/2024","Direct Debit","GOCARDLESS","45.0","","4726.53"
"21/11/2024","Card payment","WAGAMAMA GUILDFORD","24.46","","4702.07"
"21/11/2024","Direct Debit","AMAZON PRIME","8.99","","4693.08"
"23/11/2024","Direct Debit","PET HEALTH CLUB","22.0","","4671.08"
"23/11/2024","Card payment","BOOTS PHARMACY WOKING","37.28","","4633.8"
"24/11/2024","Credit","SALARY PAYMENT EMPLOYER","","3850.0","8483.8"
"25/11/2024","Card payment","SAINSBURYS S MKTS BROOKWOOD","63.62","","8420.18"
"26/11/2024","Card payment","MORECO CAMBERLEY","69.49","","8350.69"
"27/11/2024","Card payment","LIDL GB GUILDFORD","47.52","","8303.17"
"28/11/2024","Direct Debit","TIMES NEWSPAPERS LTD","26.0","","8277.17"
"30/11/2024","Card payment","NANDOS WOKING","7.35","","8269.82"
"30/11/2024","Card payment","LIDL GB GUILDFORD","64.35","","8205.47"
"30/11/2024","Card payment","ALDI STORES LTD WOKING","34.63","","8170.84"
"30/11/2024","Card payment","TESCO STORES WOKING","76.64","","8094.2"
"01/12/2024","Direct Debit","HALIFAX MORTGAGE","1285.0","","6809.2"
"01/12/2024","Direct Debit","SCRIPTURE UNION MILTON KEYNES","350.0","","6459.2"
"02/12/2024","Direct Debit","OCTOPUS ENERGY","148.0","","6311.2"
"02/12/2024","Card payment","BP PETROL WOKING","12.01","","6299.19"
"03/12/2024","Card payment","ARGOS LTD WOKING","62.63","","6236.56"
"03/12/2024","Card payment","SOUTH WEST TRAINS","18.61","","6217.95"
"03/12/2024","Card payment","JUST EAT","16.01","","6201.94"
"04/12/2024","Card payment","TKMAXX GUILDFORD","35.19","","6166.75"
"04/12/2024","Card payment","W M MORRISON STORE WOKING","35.08","","6131.67"
"05/12/2024","Card payment","MORECO CAMBERLEY","50.87","","6080.8"
"05/12/2024","Direct Debit","AFFINITY WATER CCP WEB","32.5","","6048.3"
"06/12/2024","Direct Debit","OXFAM GB","8.94","","6039.36"
"06/12/2024","Card payment","SAINSBURYS CO UK","32.93","","6006.43"
"07/12/2024","Card payment","SAINSBURYS CO UK","42.75","","5963.68"
"07/12/2024","Direct Debit","ICLOUD.COM","2.99","","5960.69"
"08/12/2024","Card payment","MARKS AND SPENCER","105.74","","5854.95"
"09/12/2024","Direct Debit","WOKING BOROUGH COU","195.0","","5659.95"
"10/12/2024","Direct Debit","L G INSURANCE MI","42.0","","5617.95"
"10/12/2024","Direct Debit","PARISH GIVING SCHE","27.03","","5590.92"
"10/12/2024","Card payment","ALDI STORES LTD WOKING","61.07","","5529.85"
"11/12/2024","Card payment","SAINSBURYS S MKTS BROOKWOOD","34.26","","5495.59"
"11/12/2024","Card payment","UBER EATS","24.82","","5470.77"
"12/12/2024","Card payment","WWW ROCKANDPOPFOUNDATI ALDERSHOT","7.78","","5462.99"
"13/12/2024","Direct Debit","SMARTY CO MAIDENHEAD","15.0","","5447.99"
"14/12/2024","Card payment","VMS IPAYIMPACT CO UK EDINBURGH","15.53","","5432.46"
"14/12/2024","Card payment","LIDL GB GUILDFORD","69.19","","5363.27"
"14/12/2024","Card payment","MCDONALDS WOKING","16.99","","5346.28"
"14/12/2024","Direct Debit","NETFLIX.COM","17.99","","5328.29"
"14/12/2024","Card payment","SCREWFIX DIRECT GUILDFORD","82.66","","5245.63"
"15/12/2024","Direct Debit","SPOTIFY AB","11.99","","5233.64"
"16/12/2024","Direct Debit","HARLANDS","38.0","","5195.64"
"18/12/2024","Card payment","MORECO CAMBERLEY","37.73","","5157.91"
"19/12/2024","Direct Debit","ADMIRAL INSURANCE","59.1","","5098.81"
"20/12/2024","Card payment","LIDL GB GUILDFORD","50.07","","5048.74"
"20/12/2024","Card payment","LIDL GB GUILDFORD","42.46","","5006.28"
"21/12/2024","Card payment","SHELL PETROL CAMBERLEY","16.49","","4989.79"
"21/12/2024","Card payment","MARKS AND SPENCER","16.98","","4972.81"
"21/12/2024","Card payment","SHELL PETROL CAMBERLEY","2.0","","4970.81"
"21/12/2024","Direct Debit","GOCARDLESS","45.0","","4925.81"
"21/12/2024","Direct Debit","AMAZON PRIME","8.99","","4916.82"
"21/12/2024","Card payment","ALDI STORES LTD WOKING","33.37","","4883.45"
"21/12/2024","Card payment","STARBUCKS WOKING","13.23","","4870.22"
"22/12/2024","Direct Debit","PET HEALTH CLUB","22.0","","4848.22"
"23/12/2024","Card payment","TESCO STORES WOKING","30.44","","4817.78"
"25/12/2024","Card payment","SAINSBURYS S MKTS BROOKWOOD","42.03","","4775.75"
"26/12/2024","Card payment","NANDOS WOKING","23.53","","4752.22"
"26/12/2024","Credit","SALARY PAYMENT EMPLOYER","","3850.0","8602.22"
"26/12/2024","Card payment","PETS AT HOME LTD WOKING","28.39","","8573.83"
"26/12/2024","Card payment","W M MORRISON STORE WOKING","87.37","","8486.46"
"28/12/2024","Direct Debit","TIMES NEWSPAPERS LTD","26.0","","8460.46"
"28/12/2024","Card payment","PRET A MANGER LONDON","15.52","","8444.94"
"28/12/2024","Card payment","DELIVEROO","12.82","","8432.12"
"28/12/2024","Card payment","BP PETROL WOKING","27.16","","8404.96"
"29/12/2024","Card payment","ALDI STORES LTD WOKING","55.85","","8349.11"
"29/12/2024","Card payment","TFL CONTACTLESS","24.93","","8324.18"
"30/12/2024","Card payment","SAINSBURYS S MKTS BROOKWOOD","52.63","","8271.55"
"31/12/2024","Card payment","MORECO CAMBERLEY","39.4","","8232.15"
"31/12/2024","Card payment","STAGECOACH WOKING PIRBRIGHT","2.0","","8230.15"
"01/01/2025","Direct Debit","HALIFAX MORTGAGE","1285.0","","6945.15"
"01/01/2025","Card payment","LIDL GB GUILDFORD","51.86","","6893.29"
"02/01/2025","Direct Debit","OCTOPUS ENERGY","148.0","","6745.29"
"02/01/2025","Card payment","BP PETROL WOKING","14.79","","6730.5"
"02/01/2025","Direct Debit","SCRIPTURE UNION MILTON KEYNES","350.0","","6380.5"
"03/01/2025","Card payment","BOOTS PHARMACY WOKING","5.0","","6375.5"
"03/01/2025","Card payment","ALDI STORES LTD WOKING","67.87","","6307.63"
"04/01/2025","Card payment","W M MORRISON STORE WOKING","78.64","","6228.99"
"04/01/2025","Direct Debit","AFFINITY WATER CCP WEB","32.5","","6196.49"
"06/01/2025","Card payment","TESCO STORES WOKING","53.39","","6143.1"
"07/01/2025","Direct Debit","ICLOUD.COM","2.99","","6140.11"
"07/01/2025","Direct Debit","WOKING BOROUGH COU","195.0","","5945.11"
"08/01/2025","Card payment","WAGAMAMA GUILDFORD","15.85","","5929.26"
"08/01/2025","Card payment","MORECO CAMBERLEY","36.5","","5892.76"
"10/01/2025","Card payment","TFL CONTACTLESS","6.18","","5886.58"
"10/01/2025","Card payment","TESCO STORES WOKING","79.42","","5807.16"
"10/01/2025","Card payment","ALDI STORES LTD WOKING","61.7","","5745.46"
"11/01/2025","Direct Debit","L G INSURANCE MI","42.0","","5703.46"
"11/01/2025","Card payment","MARKS AND SPENCER","49.95","","5653.51"
"12/01/2025","Direct Debit","SMARTY CO MAIDENHEAD","15.0","","5638.51"
"13/01/2025","Direct Debit","SPOTIFY AB","11.99","","5626.52"
"14/01/2025","Card payment","JOHN LEWIS GUILDFORD","23.42","","5603.1"
"15/01/2025","Direct Debit","NETFLIX.COM","17.99","","5585.11"
"16/01/2025","Direct Debit","HARLANDS","38.0","","5547.11"
"17/01/2025","Card payment","SAINSBURYS CO UK","36.24","","5510.87"
"17/01/2025","Direct Debit","OXFAM GB","17.37","","5493.5"
"18/01/2025","Direct Debit","ADMIRAL INSURANCE","63.06","","5430.44"
"18/01/2025","Card payment","LIDL GB GUILDFORD","48.57","","5381.87"
"18/01/2025","Card payment","LIDL GB GUILDFORD","27.11","","5354.76"
"20/01/2025","Card payment","W M MORRISON STORE WOKING","33.33","","5321.43"
"20/01/2025","Direct Debit","AMAZON PRIME","8.99","","5312.44"
"20/01/2025","Card payment","DELIVEROO","17.55","","5294.89"
"20/01/2025","Card payment","NANDOS WOKING","9.83","","5285.06"
"21/01/2025","Card payment","UBER","9.39","","5275.67"
"21/01/2025","Direct Debit","PET HEALTH CLUB","22.0","","5253.67"
"21/01/2025","Card payment","UBER","18.01","","5235.66"
"21/01/2025","Direct Debit","GOCARDLESS","45.0","","5190.66"
"22/01/2025","Card payment","SAINSBURYS CO UK","68.67","","5121.99"
"24/01/2025","Card payment","JOHN LEWIS GUILDFORD","54.53","","5067.46"
"24/01/2025","Card payment","TESCO STORES WOKING","26.83","","5040.63"
"24/01/2025","Card payment","ALDI STORES LTD WOKING","62.13","","4978.5"
"25/01/2025","Card payment","TESCO STORES WOKING","86.37","","4892.13"
"25/01/2025","Card payment","WAGAMAMA GUILDFORD","20.43","","4871.7"
"26/01/2025","Card payment","LLOYDS PHARMACY WOKING","66.41","","4805.29"
"26/01/2025","Credit","SALARY PAYMENT EMPLOYER","","3850.0","8655.29"
"27/01/2025","Card payment","NANDOS WOKING","10.52","","8644.77"
"28/01/2025","Direct Debit","TIMES NEWSPAPERS LTD","26.0","","8618.77"
"29/01/2025","Card payment","LIDL GB GUILDFORD","40.29","","8578.48"
"29/01/2025","Card payment","SHELL PETROL CAMBERLEY","20.04","","8558.44"
"30/01/2025","Card payment","JUST EAT","18.44","","8540.0"
"30/01/2025","Card payment","SAINSBURYS S MKTS BROOKWOOD","41.34","","8498.66"
"30/01/2025","Direct Debit","CANCER RESEARCH UK","6.95","","8491.71"
"30/01/2025","Card payment","WWW ROCKANDPOPFOUNDATI ALDERSHOT","5.72","","8485.99"
"31/01/2025","Card payment","LIDL GB GUILDFORD","36.45","","8449.54"
"31/01/2025","Card payment","MORECO CAMBERLEY","43.23","","8406.31"
"31/01/2025","Card payment","WWW ROCKANDPOPFOUNDATI ALDERSHOT","22.48","","8383.83"
"01/02/2025","Direct Debit","HALIFAX MORTGAGE","1285.0","","7098.83"
"02/02/2025","Card payment","WWW ROCKANDPOPFOUNDATI ALDERSHOT","18.74","","7080.09"
"03/02/2025","Direct Debit","OCTOPUS ENERGY","148.0","","6932.09"
"03/02/2025","Direct Debit","OXFAM GB","45.75","","6886.34"
"03/02/2025","Direct Debit","SCRIPTURE UNION MILTON KEYNES","350.0","","6536.34"
"04/02/2025","Card payment","W M MORRISON STORE WOKING","35.72","","6500.62"
"04/02/2025","Card payment","WAGAMAMA GUILDFORD","3.0","","6497.62"
"04/02/2025","Direct Debit","AFFINITY WATER CCP WEB","32.5","","6465.12"
"04/02/2025","Card payment","SHELL PETROL CAMBERLEY","10.1","","6455.02"
"05/02/2025","Card payment","SCREWFIX DIRECT GUILDFORD","288.11","","6166.91"
"06/02/2025","Direct Debit","ICLOUD.COM","2.99","","6163.92"
"06/02/2025","Card payment","ALDI STORES LTD WOKING","63.49","","6100.43"
"06/02/2025","Card payment","W M MORRISON STORE WOKING","22.09","","6078.34"
"07/02/2025","Card payment","TFL CONTACTLESS","16.04","","6062.3"
"07/02/2025","Direct Debit","OXFAM GB","33.71","","6028.59"
"07/02/2025","Direct Debit","WOKING BOROUGH COU","195.0","","5833.59"
"07/02/2025","Card payment","AMAZON MARKETPLACE","44.38","","5789.21"
"09/02/2025","Direct Debit","L G INSURANCE MI","42.0","","5747.21"
"09/02/2025","Card payment","UBER","12.75","","5734.46"
"10/02/2025","Card payment","SAINSBURYS S MKTS BROOKWOOD","30.2","","5704.26"
"11/02/2025","Card payment","SAINSBURYS S MKTS BROOKWOOD","52.85","","5651.41"
"12/02/2025","Card payment","PRET A MANGER LONDON","16.17","","5635.24"
"12/02/2025","Card payment","AMAZON MARKETPLACE","46.68","","5588.56"
"13/02/2025","Card payment","JUST EAT","23.19","","5565.37"
"13/02/2025","Card payment","BOOTS PHARMACY WOKING","28.74","","5536.63"
"13/02/2025","Card payment","SAINSBURYS CO UK","40.27","","5496.36"
"13/02/2025","Direct Debit","SPOTIFY AB","11.99","","5484.37"
"13/02/2025","Direct Debit","SMARTY CO MAIDENHEAD","15.0","","5469.37"
"14/02/2025","Card payment","ALDI STORES LTD WOKING","50.81","","5418.56"
"14/02/2025","Direct Debit","NETFLIX.COM","17.99","","5400.57"
"14/02/2025","Card payment","STARBUCKS WOKING","12.56","","5388.01"
"14/02/2025","Card payment","MCDONALDS WOKING","21.34","","5366.67"
"15/02/2025","Card payment","SOUTH WEST TRAINS","16.7","","5349.97"
"16/02/2025","Direct Debit","HARLANDS","38.0","","5311.97"
"18/02/2025","Card payment","MARKS AND SPENCER","28.48","","5283.49"
"18/02/2025","Card payment","ARGOS LTD WOKING","389.0","","4894.49"
"18/02/2025","Card payment","ALDI STORES LTD WOKING","41.62","","4852.87"
"18/02/2025","Card payment","MCDONALDS WOKING","10.83","","4842.04"
"19/02/2025","Card payment","SAINSBURYS CO UK","36.51","","4805.53"
"19/02/2025","Direct Debit","ADMIRAL INSURANCE","58.78","","4746.75"
"20/02/2025","Card payment","TFL CONTACTLESS","14.69","","4732.06"
"20/02/2025","Card payment","SAINSBURYS S MKTS BROOKWOOD","45.08","","4686.98"
"20/02/2025","Card payment","LIDL GB GUILDFORD","70.11","","4616.87"
"21/02/2025","Direct Debit","GOCARDLESS","45.0","","4571.87"
"21/02/2025","Direct Debit","AMAZON PRIME","8.99","","4562.88"
"22/02/2025","Card payment","SAINSBURYS S MKTS BROOKWOOD","61.54","","4501.34"
"22/02/2025","Direct Debit","PET HEALTH CLUB","22.0","","4479.34"
"22/02/2025","Card payment","SAINSBURYS CO UK","31.67","","4447.67"
"23/02/2025","Card payment","STAGECOACH WOKING PIRBRIGHT","23.34","","4424.33"
"24/02/2025","Card payment","MORECO CAMBERLEY","77.95","","4346.38"
"25/02/2025","Credit","SALARY PAYMENT EMPLOYER","","3850.0","8196.38"
"27/02/2025","Card payment","MORECO CAMBERLEY","67.04","","8129.34"
"28/02/2025","Card payment","STAGECOACH WOKING PIRBRIGHT","10.7","","8118.64"
"28/02/2025","Direct Debit","TIMES NEWSPAPERS LTD","26.0","","8092.64"
"01/03/2025","Direct Debit","HALIFAX MORTGAGE","1285.0","","6807.64"
"01/03/2025","Card payment","W M MORRISON STORE WOKING","18.33","","6789.31"
"01/03/2025","Card payment","SAINSBURYS CO UK","33.85","","6755.46"
"01/03/2025","Direct Debit","SCRIPTURE UNION MILTON KEYNES","350.0","","6405.46"
"02/03/2025","Card payment","JUST EAT","38.44","","6367.02"
"03/03/2025","Card payment","STARBUCKS WOKING","10.35","","6356.67"
"03/03/2025","Card payment","MCDONALDS WOKING","10.3","","6346.37"
"04/03/2025","Direct Debit","OCTOPUS ENERGY","148.0","","6198.37"
"04/03/2025","Direct Debit","AFFINITY WATER CCP WEB","32.5","","6165.87"
"04/03/2025","Card payment","TKMAXX GUILDFORD","32.06","","6133.81"
"06/03/2025","Card payment","LIDL GB GUILDFORD","15.31","","6118.5"
"08/03/2025","Direct Debit","ICLOUD.COM","2.99","","6115.51"
"08/03/2025","Card payment","SAINSBURYS CO UK","52.33","","6063.18"
"09/03/2025","Direct Debit","L G INSURANCE MI","42.0","","6021.18"
"09/03/2025","Direct Debit","WOKING BOROUGH COU","195.0","","5826.18"
"10/03/2025","Card payment","SAINSBURYS S MKTS BROOKWOOD","82.18","","5744.0"
"11/03/2025","Card payment","MCDONALDS WOKING","25.47","","5718.53"
"11/03/2025","Direct Debit","SMARTY CO MAIDENHEAD","15.0","","5703.53"
"11/03/2025","Card payment","WWW ROCKANDPOPFOUNDATI ALDERSHOT","26.13","","5677.4"
"12/03/2025","Card payment","W M MORRISON STORE WOKING","45.67","","5631.73"
"13/03/2025","Direct Debit","SPOTIFY AB","11.99","","5619.74"
"13/03/2025","Card payment","BP PETROL WOKING","16.67","","5603.07"
"14/03/2025","Card payment","STARBUCKS WOKING","20.23","","5582.84"
"14/03/2025","Direct Debit","NETFLIX.COM","17.99","","5564.85"
"14/03/2025","Direct Debit","CANCER RESEARCH UK","33.7","","5531.15"
"14/03/2025","Card payment","VMS IPAYIMPACT CO UK EDINBURGH","35.56","","5495.59"
"15/03/2025","Card payment","BP PETROL WOKING","9.92","","5485.67"
"15/03/2025","Card payment","COSTA COFFEE WOKING","23.7","","5461.97"
"15/03/2025","Direct Debit","HARLANDS","38.0","","5423.97"
"15/03/2025","Direct Debit","PARISH GIVING SCHE","15.78","","5408.19"
"16/03/2025","Card payment","JUST EAT","13.87","","5394.32"
"17/03/2025","Card payment","STAGECOACH WOKING PIRBRIGHT","22.3","","5372.02"
"17/03/2025","Direct Debit","ADMIRAL INSURANCE","56.78","","5315.24"
"18/03/2025","Card payment","MARKS AND SPENCER","54.65","","5260.59"
"19/03/2025","Direct Debit","GOCARDLESS","45.0","","5215.59"
"19/03/2025","Card payment","SAINSBURYS S MKTS BROOKWOOD","48.06","","5167.53"
"19/03/2025","Card payment","BP PETROL WOKING","10.18","","5157.35"
"20/03/2025","Card payment","MORECO CAMBERLEY","57.88","","5099.47"
"20/03/2025","Direct Debit","AMAZON PRIME","8.99","","5090.48"
"20/03/2025","Card payment","SAINSBURYS S MKTS BROOKWOOD","66.93","","5023.55"
"20/03/2025","Card payment","SHELL PETROL CAMBERLEY","14.57","","5008.98"
"21/03/2025","Card payment","TKMAXX GUILDFORD","46.3","","4962.68"
"23/03/2025","Direct Debit","PET HEALTH CLUB","22.0","","4940.68"
"23/03/2025","Card payment","STAGECOACH WOKING PIRBRIGHT","17.83","","4922.85"
"23/03/2025","Card payment","AMAZON MARKETPLACE","16.47","","4906.38"
"24/03/2025","Credit","SALARY PAYMENT EMPLOYER","","3850.0","8756.38"
"24/03/2025","Card payment","TESCO STORES WOKING","56.24","","8700.14"
"25/03/2025","Card payment","TESCO STORES WOKING","25.39","","8674.75"
"25/03/2025","Card payment","LIDL GB GUILDFORD","12.2","","8662.55"
"26/03/2025","Card payment","SAINSBURYS S MKTS BROOKWOOD","65.88","","8596.67"
"28/03/2025","Direct Debit","TIMES NEWSPAPERS LTD","26.0","","8570.67"
"28/03/2025","Card payment","MARKS AND SPENCER","28.23","","8542.44"
"28/03/2025","Card payment","UBER EATS","19.64","","8522.8"
"31/03/2025","Card payment","SAINSBURYS S MKTS BROOKWOOD","72.59","","8450.21"
"31/03/2025","Card payment","LIDL GB GUILDFORD","58.09","","8392.12"
"31/03/2025","Card payment","TESCO STORES WOKING","44.52","","8347.6"
"01/04/2025","Direct Debit","HALIFAX MORTGAGE","1285.0","","7062.6"
"01/04/2025","Card payment","MCDONALDS WOKING","32.34","","7030.26"
"01/04/2025","Direct Debit","SCRIPTURE UNION MILTON KEYNES","350.0","","6680.26"
"02/04/2025","Direct Debit","OCTOPUS ENERGY","148.0","","6532.26"
"03/04/2025","Card payment","PRET A MANGER LONDON","27.85","","6504.41"
"03/04/2025","Card payment","MCDONALDS WOKING","16.87","","6487.54"
"04/04/2025","Card payment","W M MORRISON STORE WOKING","29.6","","6457.94"
"05/04/2025","Card payment","SOUTH WEST TRAINS","14.59","","6443.35"
"06/04/2025","Card payment","STAGECOACH WOKING PIRBRIGHT","12.74","","6430.61"
"06/04/2025","Direct Debit","AFFINITY WATER CCP WEB","32.5","","6398.11"
"06/04/2025","Card payment","SAINSBURYS S MKTS BROOKWOOD","38.07","","6360.04"
"06/04/2025","Direct Debit","ICLOUD.COM","2.99","","6357.05"
"07/04/2025","Card payment","MORECO CAMBERLEY","78.93","","6278.12"
"07/04/2025","Card payment","ALDI STORES LTD WOKING","19.98","","6258.14"
"07/04/2025","Direct Debit","OXFAM GB","22.4","","6235.74"
"07/04/2025","Card payment","UBER EATS","3.0","","6232.74"
"08/04/2025","Card payment","TESCO STORES WOKING","57.04","","6175.7"
"08/04/2025","Direct Debit","WOKING BOROUGH COU","195.0","","5980.7"
"09/04/2025","Card payment","ARGOS LTD WOKING","9.51","","5971.19"
"09/04/2025","Direct Debit","L G INSURANCE MI","42.0","","5929.19"
"10/04/2025","Card payment","TESCO STORES WOKING","63.78","","5865.41"
"10/04/2025","Card payment","W M MORRISON STORE WOKING","51.0","","5814.41"
"10/04/2025","Card payment","SHELL PETROL CAMBERLEY","10.58","","5803.83"
"11/04/2025","Direct Debit","SMARTY CO MAIDENHEAD","15.0","","5788.83"
"11/04/2025","Card payment","BP PETROL WOKING","5.9","","5782.93"
"13/04/2025","Card payment","SCREWFIX DIRECT GUILDFORD","30.0","","5752.93"
"14/04/2025","Direct Debit","HARLANDS","38.0","","5714.93"
"14/04/2025","Card payment","JUST EAT","31.77","","5683.16"
"14/04/2025","Card payment","PETS AT HOME LTD WOKING","14.94","","5668.22"
"14/04/2025","Direct Debit","CANCER RESEARCH UK","41.69","","5626.53"
"15/04/2025","Direct Debit","SPOTIFY AB","11.99","","5614.54"
"15/04/2025","Direct Debit","NETFLIX.COM","17.99","","5596.55"
"16/04/2025","Card payment","LLOYDS PHARMACY WOKING","48.28","","5548.27"
"16/04/2025","Card payment","ALDI STORES LTD WOKING","31.74","","5516.53"
"17/04/2025","Card payment","WWW ROCKANDPOPFOUNDATI ALDERSHOT","19.27","","5497.26"
"17/04/2025","Direct Debit","ADMIRAL INSURANCE","63.63","","5433.63"
"18/04/2025","Card payment","SAINSBURYS CO UK","96.02","","5337.61"
"19/04/2025","Card payment","UBER EATS","9.09","","5328.52"
"19/04/2025","Direct Debit","GOCARDLESS","45.0","","5283.52"
"20/04/2025","Card payment","UBER","2.0","","5281.52"
"21/04/2025","Direct Debit","AMAZON PRIME","8.99","","5272.53"
"21/04/2025","Card payment","SAINSBURYS S MKTS BROOKWOOD","54.33","","5218.2"
"22/04/2025","Card payment","AMAZON MARKETPLACE","9.62","","5208.58"
"22/04/2025","Direct Debit","PET HEALTH CLUB","22.0","","5186.58"
"22/04/2025","Card payment","WWW ROCKANDPOPFOUNDATI ALDERSHOT","19.54","","5167.04"
"24/04/2025","Card payment","SAINSBURYS S MKTS BROOKWOOD","65.06","","5101.98"
"24/04/2025","Card payment","COSTA COFFEE WOKING","18.5","","5083.48"
"25/04/2025","Credit","SALARY PAYMENT EMPLOYER","","3850.0","8933.48"
"26/04/2025","Card payment","SAINSBURYS CO UK","56.03","","8877.45"
"28/04/2025","Direct Debit","TIMES NEWSPAPERS LTD","26.0","","8851.45"
"28/04/2025","Card payment","MCDONALDS WOKING","13.4","","8838.05"
"28/04/2025","Card payment","TESCO STORES WOKING","53.97","","8784.08"
"28/04/2025","Card payment","W M MORRISON STORE WOKING","60.66","","8723.42"
"29/04/2025","Card payment","W M MORRISON STORE WOKING","85.88","","8637.54"
"29/04/2025","Card payment","UBER","20.59","","8616.95"
"29/04/2025","Card payment","TESCO STORES WOKING","37.77","","8579.18"
"30/04/2025","Card payment","W M MORRISON STORE WOKING","76.22","","8502.96"
"30/04/2025","Card payment","SAINSBURYS S MKTS BROOKWOOD","60.49","","8442.47"
"01/05/2025","Direct Debit","HALIFAX MORTGAGE","1285.0","","7157.47"
"01/05/2025","Direct Debit","SCRIPTURE UNION MILTON KEYNES","350.0","","6807.47"
"02/05/2025","Direct Debit","OCTOPUS ENERGY","148.0","","6659.47"
"03/05/2025","Card payment","PRET A MANGER LONDON","3.0","","6656.47"
"05/05/2025","Card payment","STAGECOACH WOKING PIRBRIGHT","21.49","","6634.98"
"05/05/2025","Card payment","WWW ROCKANDPOPFOUNDATI ALDERSHOT","18.25","","6616.73"
"05/05/2025","Card payment","TESCO STORES WOKING","47.84","","6568.89"
"05/05/2025","Direct Debit","AFFINITY WATER CCP WEB","32.5","","6536.39"
"06/05/2025","Direct Debit","ICLOUD.COM","2.99","","6533.4"
"06/05/2025","Card payment","TKMAXX GUILDFORD","13.16","","6520.24"
"07/05/2025","Card payment","DELIVEROO","5.33","","6514.91"
"07/05/2025","Card payment","ALDI STORES LTD WOKING","64.53","","6450.38"
"07/05/2025","Card payment","W M MORRISON STORE WOKING","85.28","","6365.1"
"07/05/2025","Card payment","SOUTH WEST TRAINS","24.17","","6340.93"
"07/05/2025","Direct Debit","WOKING BOROUGH COU","195.0","","6145.93"
"08/05/2025","Card payment","DELIVEROO","27.82","","6118.11"
"08/05/2025","Card payment","UBER","28.02","","6090.09"
"09/05/2025","Direct Debit","L G INSURANCE MI","42.0","","6048.09"
"11/05/2025","Card payment","LIDL GB GUILDFORD","72.28","","5975.81"
"11/05/2025","Card payment","SAINSBURYS S MKTS BROOKWOOD","32.08","","5943.73"
"12/05/2025","Direct Debit","SMARTY CO MAIDENHEAD","15.0","","5928.73"
"13/05/2025","Card payment","NANDOS WOKING","31.54","","5897.19"
"13/05/2025","Card payment","SAINSBURYS S MKTS BROOKWOOD","47.16","","5850.03"
"14/05/2025","Direct Debit","NETFLIX.COM","17.99","","5832.04"
"15/05/2025","Direct Debit","HARLANDS","38.0","","5794.04"
"15/05/2025","Card payment","LIDL GB GUILDFORD","98.32","","5695.72"
"15/05/2025","Card payment","SCREWFIX DIRECT GUILDFORD","243.99","","5451.73"
"15/05/2025","Direct Debit","SPOTIFY AB","11.99","","5439.74"
"17/05/2025","Card payment","TESCO STORES WOKING","53.07","","5386.67"
"17/05/2025","Card payment","STARBUCKS WOKING","15.71","","5370.96"
"17/05/2025","Card payment","PRET A MANGER LONDON","14.66","","5356.3"
"18/05/2025","Direct Debit","ADMIRAL INSURANCE","57.84","","5298.46"
"18/05/2025","Card payment","ALDI STORES LTD WOKING","51.57","","5246.89"
"18/05/2025","Card payment","TESCO STORES WOKING","52.25","","5194.64"
"19/05/2025","Card payment","LLOYDS PHARMACY WOKING","64.79","","5129.85"
"20/05/2025","Card payment","SOUTH WEST TRAINS","19.77","","5110.08"
"20/05/2025","Direct Debit","GOCARDLESS","45.0","","5065.08"
"21/05/2025","Card payment","STARBUCKS WOKING","14.92","","5050.16"
"21/05/2025","Direct Debit","AMAZON PRIME","8.99","","5041.17"
"21/05/2025","Direct Debit","OXFAM GB","32.13","","5009.04"
"21/05/2025","Card payment","ARGOS LTD WOKING","26.46","","4982.58"
"21/05/2025","Direct Debit","PET HEALTH CLUB","22.0","","4960.58"
"22/05/2025","Direct Debit","OXFAM GB","12.78","","4947.8"
"24/05/2025","Card payment","DELIVEROO","3.0","","4944.8"
"24/05/2025","Card payment","SAINSBURYS CO UK","41.67","","4903.13"
"24/05/2025","Card payment","SHELL PETROL CAMBERLEY","7.78","","4895.35"
"24/05/2025","Card payment","SAINSBURYS S MKTS BROOKWOOD","55.57","","4839.78"
"24/05/2025","Credit","SALARY PAYMENT EMPLOYER","","3850.0","8689.78"
"25/05/2025","Card payment","MCDONALDS WOKING","29.21","","8660.57"
"25/05/2025","Card payment","SAINSBURYS S MKTS BROOKWOOD","49.4","","8611.17"
"27/05/2025","Card payment","SOUTH WEST TRAINS","5.12","","8606.05"
"27/05/2025","Direct Debit","TIMES NEWSPAPERS LTD","26.0","","8580.05"
"28/05/2025","Card payment","WWW ROCKANDPOPFOUNDATI ALDERSHOT","19.6","","8560.45"
"28/05/2025","Card payment","TESCO STORES WOKING","42.16","","8518.29"
"29/05/2025","Card payment","MORECO CAMBERLEY","42.22","","8476.07"
"29/05/2025","Card payment","SAINSBURYS CO UK","39.17","","8436.9"
"30/05/2025","Card payment","TESCO STORES WOKING","53.92","","8382.98"
"31/05/2025","Card payment","W M MORRISON STORE WOKING","51.41","","8331.57"
"01/06/2025","Direct Debit","HALIFAX MORTGAGE","1285.0","","7046.57"
"01/06/2025","Direct Debit","SCRIPTURE UNION MILTON KEYNES","350.0","","6696.57"
"03/06/2025","Card payment","STAGECOACH WOKING PIRBRIGHT","2.0","","6694.57"
"03/06/2025","Card payment","DELIVEROO","33.27","","6661.3"
"04/06/2025","Direct Debit","AFFINITY WATER CCP WEB","32.5","","6628.8"
"04/06/2025","Card payment","PRET A MANGER LONDON","19.9","","6608.9"
"04/06/2025","Card payment","TESCO STORES WOKING","45.5","","6563.4"
"04/06/2025","Direct Debit","OCTOPUS ENERGY","148.0","","6415.4"
"04/06/2025","Card payment","LIDL GB GUILDFORD","63.09","","6352.31"
"05/06/2025","Card payment","LIDL GB GUILDFORD","72.87","","6279.44"
"06/06/2025","Card payment","SAINSBURYS S MKTS BROOKWOOD","32.54","","6246.9"
"06/06/2025","Direct Debit","ICLOUD.COM","2.99","","6243.91"
"06/06/2025","Direct Debit","PARISH GIVING SCHE","26.96","","6216.95"
"08/06/2025","Direct Debit","WOKING BOROUGH COU","195.0","","6021.95"
"08/06/2025","Card payment","VMS IPAYIMPACT CO UK EDINBURGH","26.08","","5995.87"
"09/06/2025","Card payment","SAINSBURYS S MKTS BROOKWOOD","57.87","","5938.0"
"10/06/2025","Card payment","NANDOS WOKING","13.1","","5924.9"
"10/06/2025","Card payment","SHELL PETROL CAMBERLEY","15.2","","5909.7"
"10/06/2025","Card payment","NIALLS PLUMBING","30.0","","5879.7"
"10/06/2025","Card payment","TESCO STORES WOKING","62.68","","5817.02"
"11/06/2025","Direct Debit","SMARTY CO MAIDENHEAD","15.0","","5802.02"
"11/06/2025","Card payment","STARBUCKS WOKING","17.66","","5784.36"
"11/06/2025","Card payment","TESCO STORES WOKING","46.43","","5737.93"
"11/06/2025","Direct Debit","L G INSURANCE MI","42.0","","5695.93"
"12/06/2025","Direct Debit","PARISH GIVING SCHE","19.6","","5676.33"
"12/06/2025","Direct Debit","CANCER RESEARCH UK","17.22","","5659.11"
"13/06/2025","Card payment","SOUTH WEST TRAINS","13.54","","5645.57"
"13/06/2025","Direct Debit","NETFLIX.COM","17.99","","5627.58"
"14/06/2025","Direct Debit","SPOTIFY AB","11.99","","5615.59"
"15/06/2025","Card payment","LIDL GB GUILDFORD","29.48","","5586.11"
"15/06/2025","Direct Debit","HARLANDS","38.0","","5548.11"
"17/06/2025","Direct Debit","ADMIRAL INSURANCE","59.33","","5488.78"
"18/06/2025","Card payment","TFL CONTACTLESS","3.21","","5485.57"
"19/06/2025","Card payment","ALDI STORES LTD WOKING","42.59","","5442.98"
"20/06/2025","Card payment","SAINSBURYS S MKTS BROOKWOOD","48.67","","5394.31"
"20/06/2025","Direct Debit","GOCARDLESS","45.0","","5349.31"
"20/06/2025","Card payment","SHELL PETROL CAMBERLEY","16.46","","5332.85"
"21/06/2025","Card payment","W M MORRISON STORE WOKING","68.63","","5264.22"
"21/06/2025","Direct Debit","AMAZON PRIME","8.99","","5255.23"
"22/06/2025","Card payment","NEXT RETAIL LTD","38.41","","5216.82"
"22/06/2025","Card payment","MARKS AND SPENCER","41.76","","5175.06"
"22/06/2025","Card payment","JOSHUA ROYLE","61.95","","5113.11"
"22/06/2025","Card payment","SOUTH WEST TRAINS","22.83","","5090.28"
"22/06/2025","Card payment","SAINSBURYS CO UK","70.88","","5019.4"
"22/06/2025","Card payment","UBER EATS","17.13","","5002.27"
"22/06/2025","Card payment","COSTA COFFEE WOKING","33.79","","4968.48"
"22/06/2025","Direct Debit","PET HEALTH CLUB","22.0","","4946.48"
"23/06/2025","Card payment","SHELL PETROL CAMBERLEY","11.09","","4935.39"
"24/06/2025","Card payment","MCDONALDS WOKING","21.59","","4913.8"
"25/06/2025","Card payment","TESCO STORES WOKING","26.65","","4887.15"
"25/06/2025","Credit","SALARY PAYMENT EMPLOYER","","3850.0","8737.15"
"25/06/2025","Card payment","VET4PETS WOKING","24.39","","8712.76"
"26/06/2025","Card payment","DELIVEROO","3.0","","8709.76"
"27/06/2025","Card payment","MORECO CAMBERLEY","39.32","","8670.44"
"27/06/2025","Card payment","JOHN LEWIS GUILDFORD","54.35","","8616.09"
"27/06/2025","Card payment","MARKS AND SPENCER","33.95","","8582.14"
"28/06/2025","Direct Debit","TIMES NEWSPAPERS LTD","26.0","","8556.14"
"30/06/2025","Card payment","LIDL GB GUILDFORD","28.95","","8527.19"
"30/06/2025","Card payment","STAGECOACH WOKING PIRBRIGHT","14.91","","8512.28"
"30/06/2025","Card payment","W M MORRISON STORE WOKING","23.98","","8488.3"
"30/06/2025","Card payment","MORECO CAMBERLEY","62.91","","8425.39"
"01/07/2025","Card payment","MORECO CAMBERLEY","60.51","","8364.88"
"02/07/2025","Direct Debit","HALIFAX MORTGAGE","1285.0","","7079.88"
"02/07/2025","Card payment","ARGOS LTD WOKING","22.53","","7057.35"
"02/07/2025","Direct Debit","SCRIPTURE UNION MILTON KEYNES","350.0","","6707.35"
"03/07/2025","Card payment","ALDI STORES LTD WOKING","56.61","","6650.74"
"03/07/2025","Card payment","BOOTS PHARMACY WOKING","24.21","","6626.53"
"03/07/2025","Card payment","SOUTH WEST TRAINS","14.98","","6611.55"
"04/07/2025","Direct Debit","OCTOPUS ENERGY","148.0","","6463.55"
"04/07/2025","Card payment","LLOYDS PHARMACY WOKING","69.16","","6394.39"
"04/07/2025","Card payment","TESCO STORES WOKING","81.98","","6312.41"
"05/07/2025","Direct Debit","PARISH GIVING SCHE","31.32","","6281.09"
"06/07/2025","Card payment","SAINSBURYS CO UK","69.69","","6211.4"
"06/07/2025","Direct Debit","AFFINITY WATER CCP WEB","32.5","","6178.9"
"07/07/2025","Direct Debit","WOKING BOROUGH COU","195.0","","5983.9"
"08/07/2025","Direct Debit","ICLOUD.COM","2.99","","5980.91"
"08/07/2025","Card payment","AMAZON MARKETPLACE","77.87","","5903.04"
"08/07/2025","Card payment","ARGOS LTD WOKING","76.96","","5826.08"
"09/07/2025","Card payment","JUST EAT","10.27","","5815.81"
"09/07/2025","Card payment","TESCO STORES WOKING","28.97","","5786.84"
"09/07/2025","Card payment","W M MORRISON STORE WOKING","40.75","","5746.09"
"10/07/2025","Direct Debit","CANCER RESEARCH UK","34.73","","5711.36"
"10/07/2025","Card payment","STARBUCKS WOKING","22.44","","5688.92"
"11/07/2025","Direct Debit","L G INSURANCE MI","42.0","","5646.92"
"11/07/2025","Direct Debit","PARISH GIVING SCHE","19.38","","5627.54"
"12/07/2025","Direct Debit","SMARTY CO MAIDENHEAD","15.0","","5612.54"
"13/07/2025","Direct Debit","SPOTIFY AB","11.99","","5600.55"
"13/07/2025","Direct Debit","NETFLIX.COM","17.99","","5582.56"
"14/07/2025","Card payment","ALDI STORES LTD WOKING","70.26","","5512.3"
"14/07/2025","Card payment","MORECO CAMBERLEY","18.86","","5493.44"
"16/07/2025","Direct Debit","HARLANDS","38.0","","5455.44"
"17/07/2025","Direct Debit","ADMIRAL INSURANCE","61.09","","5394.35"
"17/07/2025","Card payment","BOOTS PHARMACY WOKING","37.23","","5357.12"
"17/07/2025","Card payment","ALDI STORES LTD WOKING","61.32","","5295.8"
"18/07/2025","Card payment","LIDL GB GUILDFORD","55.36","","5240.44"
"19/07/2025","Direct Debit","GOCARDLESS","45.0","","5195.44"
"19/07/2025","Card payment","MORECO CAMBERLEY","38.94","","5156.5"
"20/07/2025","Direct Debit","AMAZON PRIME","8.99","","5147.51"
"21/07/2025","Card payment","SAINSBURYS CO UK","52.47","","5095.04"
"23/07/2025","Card payment","PRET A MANGER LONDON","9.46","","5085.58"
"23/07/2025","Direct Debit","PET HEALTH CLUB","22.0","","5063.58"
"25/07/2025","Card payment","WWW ROCKANDPOPFOUNDATI ALDERSHOT","28.22","","5035.36"
"25/07/2025","Card payment","SAINSBURYS CO UK","26.68","","5008.68"
"25/07/2025","Card payment","MCDONALDS WOKING","19.66","","4989.02"
"26/07/2025","Credit","SALARY PAYMENT EMPLOYER","","3850.0","8839.02"
"26/07/2025","Card payment","TESCO STORES WOKING","40.99","","8798.03"
"27/07/2025","Card payment","TFL CONTACTLESS","9.39","","8788.64"
"27/07/2025","Card payment","TFL CONTACTLESS","34.48","","8754.16"
"28/07/2025","Card payment","MORECO CAMBERLEY","38.4","","8715.76"
"28/07/2025","Card payment","SAINSBURYS CO UK","35.38","","8680.38"
"28/07/2025","Card payment","STARBUCKS WOKING","41.69","","8638.69"
"28/07/2025","Direct Debit","TIMES NEWSPAPERS LTD","26.0","","8612.69"
"29/07/2025","Card payment","PRET A MANGER LONDON","24.3","","8588.39"
"29/07/2025","Card payment","STAGECOACH WOKING PIRBRIGHT","13.23","","8575.16"
"30/07/2025","Card payment","TESCO STORES WOKING","70.97","","8504.19"
"30/07/2025","Card payment","SAINSBURYS S MKTS BROOKWOOD","27.67","","8476.52"
"30/07/2025","Card payment","UBER","23.19","","8453.33"
"31/07/2025","Card payment","MORECO CAMBERLEY","34.43","","8418.9"
"01/08/2025","Direct Debit","HALIFAX MORTGAGE","1285.0","","7133.9"
"02/08/2025","Direct Debit","OCTOPUS ENERGY","148.0","","6985.9"
"02/08/2025","Card payment","UBER EATS","6.51","","6979.39"
"02/08/2025","Card payment","BOOTS PHARMACY WOKING","65.63","","6913.76"
"02/08/2025","Direct Debit","SCRIPTURE UNION MILTON KEYNES","350.0","","6563.76"
"03/08/2025","Card payment","SHELL PETROL CAMBERLEY","10.17","","6553.59"
"03/08/2025","Card payment","SCREWFIX DIRECT GUILDFORD","245.0","","6308.59"
"04/08/2025","Card payment","WWW ROCKANDPOPFOUNDATI ALDERSHOT","22.82","","6285.77"
"04/08/2025","Card payment","ALDI STORES LTD WOKING","38.91","","6246.86"
"04/08/2025","Card payment","SAINSBURYS S MKTS BROOKWOOD","50.66","","6196.2"
"05/08/2025","Card payment","COSTA COFFEE WOKING","26.44","","6169.76"
"05/08/2025","Direct Debit","AFFINITY WATER CCP WEB","32.5","","6137.26"
"06/08/2025","Card payment","SHELL PETROL CAMBERLEY","10.3","","6126.96"
"06/08/2025","Card payment","SOUTH WEST TRAINS","15.78","","6111.18"
"07/08/2025","Direct Debit","WOKING BOROUGH COU","195.0","","5916.18"
"07/08/2025","Direct Debit","ICLOUD.COM","2.99","","5913.19"
"07/08/2025","Card payment","TESCO STORES WOKING","47.54","","5865.65"
"07/08/2025","Card payment","AMAZON MARKETPLACE","18.32","","5847.33"
"08/08/2025","Card payment","ALDI STORES LTD WOKING","27.96","","5819.37"
"09/08/2025","Direct Debit","PARISH GIVING SCHE","35.32","","5784.05"
"09/08/2025","Direct Debit","L G INSURANCE MI","42.0","","5742.05"
"11/08/2025","Card payment","BOOTS PHARMACY WOKING","69.83","","5672.22"
"11/08/2025","Card payment","WWW ROCKANDPOPFOUNDATI ALDERSHOT","30.9","","5641.32"
"12/08/2025","Card payment","PETS AT HOME LTD WOKING","46.81","","5594.51"
"12/08/2025","Card payment","TESCO STORES WOKING","55.2","","5539.31"
"12/08/2025","Card payment","PRET A MANGER LONDON","13.36","","5525.95"
"12/08/2025","Card payment","WAGAMAMA GUILDFORD","24.13","","5501.82"
"12/08/2025","Card payment","STARBUCKS WOKING","17.64","","5484.18"
"12/08/2025","Card payment","NANDOS WOKING","8.27","","5475.91"
"13/08/2025","Direct Debit","SMARTY CO MAIDENHEAD","15.0","","5460.91"
"13/08/2025","Direct Debit","NETFLIX.COM","17.99","","5442.92"
"14/08/2025","Card payment","WWW ROCKANDPOPFOUNDATI ALDERSHOT","32.65","","5410.27"
"14/08/2025","Direct Debit","SPOTIFY AB","11.99","","5398.28"
"14/08/2025","Card payment","MORECO CAMBERLEY","63.17","","5335.11"
"15/08/2025","Card payment","SHELL PETROL CAMBERLEY","10.52","","5324.59"
"15/08/2025","Card payment","TESCO STORES WOKING","62.08","","5262.51"
"16/08/2025","Direct Debit","HARLANDS","38.0","","5224.51"
"16/08/2025","Card payment","SHELL PETROL CAMBERLEY","11.53","","5212.98"
"17/08/2025","Card payment","MORECO CAMBERLEY","62.99","","5149.99"
"17/08/2025","Direct Debit","ADMIRAL INSURANCE","53.29","","5096.7"
"20/08/2025","Card payment","SAINSBURYS CO UK","58.84","","5037.86"
"20/08/2025","Direct Debit","AMAZON PRIME","8.99","","5028.87"
"21/08/2025","Direct Debit","GOCARDLESS","45.0","","4983.87"
"22/08/2025","Card payment","TESCO STORES WOKING","50.74","","4933.13"
"23/08/2025","Direct Debit","PET HEALTH CLUB","22.0","","4911.13"
"23/08/2025","Card payment","TESCO STORES WOKING","71.45","","4839.68"
"24/08/2025","Card payment","STARBUCKS WOKING","18.25","","4821.43"
"24/08/2025","Card payment","COSTA COFFEE WOKING","27.48","","4793.95"
"24/08/2025","Credit","SALARY PAYMENT EMPLOYER","","3850.0","8643.95"
"25/08/2025","Direct Debit","OXFAM GB","10.14","","8633.81"
"25/08/2025","Card payment","SAINSBURYS CO UK","67.01","","8566.8"
"25/08/2025","Card payment","DELIVEROO","18.27","","8548.53"
"26/08/2025","Card payment","JOHN LEWIS GUILDFORD","33.89","","8514.64"
"27/08/2025","Card payment","LLOYDS PHARMACY WOKING","58.93","","8455.71"
"27/08/2025","Direct Debit","TIMES NEWSPAPERS LTD","26.0","","8429.71"
"27/08/2025","Card payment","SHELL PETROL CAMBERLEY","14.77","","8414.94"
"27/08/2025","Card payment","ALDI STORES LTD WOKING","60.27","","8354.67"
"29/08/2025","Card payment","MORECO CAMBERLEY","56.89","","8297.78"
"29/08/2025","Card payment","TESCO STORES WOKING","22.1","","8275.68"
"29/08/2025","Card payment","AMAZON MARKETPLACE","28.33","","8247.35"
"31/08/2025","Card payment","TESCO STORES WOKING","55.74","","8191.61"
"31/08/2025","Card payment","TESCO STORES WOKING","59.73","","8131.88"
"01/09/2025","Direct Debit","HALIFAX MORTGAGE","1285.0","","6846.88"
"01/09/2025","Card payment","W M MORRISON STORE WOKING","93.38","","6753.5"
"02/09/2025","Direct Debit","OCTOPUS ENERGY","148.0","","6605.5"
"03/09/2025","Card payment","MORECO CAMBERLEY","43.98","","6561.52"
"03/09/2025","Direct Debit","SCRIPTURE UNION MILTON KEYNES","350.0","","6211.52"
"03/09/2025","Card payment","SAINSBURYS S MKTS BROOKWOOD","77.37","","6134.15"
"04/09/2025","Card payment","STAGECOACH WOKING PIRBRIGHT","23.51","","6110.64"
"04/09/2025","Card payment","UBER","9.75","","6100.89"
"05/09/2025","Direct Debit","AFFINITY WATER CCP WEB","32.5","","6068.39"
"05/09/2025","Card payment","PALMER CHIROPRACTIC WOKING APPLEPAY","43.96","","6024.43"
"06/09/2025","Direct Debit","OXFAM GB","31.33","","5993.1"
"06/09/2025","Card payment","W M MORRISON STORE WOKING","45.47","","5947.63"
"07/09/2025","Card payment","NEXT RETAIL LTD","25.44","","5922.19"
"08/09/2025","Direct Debit","ICLOUD.COM","2.99","","5919.2"
"09/09/2025","Card payment","SOUTH WEST TRAINS","8.9","","5910.3"
"09/09/2025","Card payment","ALDI STORES LTD WOKING","78.16","","5832.14"
"09/09/2025","Direct Debit","WOKING BOROUGH COU","195.0","","5637.14"
"10/09/2025","Card payment","MARKS AND SPENCER","19.69","","5617.45"
"10/09/2025","Direct Debit","L G INSURANCE MI","42.0","","5575.45"
"11/09/2025","Card payment","W M MORRISON STORE WOKING","80.43","","5495.02"
"11/09/2025","Card payment","SAINSBURYS S MKTS BROOKWOOD","42.59","","5452.43"
"11/09/2025","Card payment","SHELL PETROL CAMBERLEY","33.64","","5418.79"
"12/09/2025","Direct Debit","SMARTY CO MAIDENHEAD","15.0","","5403.79"
"12/09/2025","Card payment","DELIVEROO","21.44","","5382.35"
"13/09/2025","Card payment","LIDL GB GUILDFORD","44.44","","5337.91"
"13/09/2025","Direct Debit","SPOTIFY AB","11.99","","5325.92"
"13/09/2025","Card payment","BP PETROL WOKING","8.9","","5317.02"
"14/09/2025","Direct Debit","NETFLIX.COM","17.99","","5299.03"
"15/09/2025","Card payment","ALDI STORES LTD WOKING","33.93","","5265.1"
"15/09/2025","Direct Debit","PARISH GIVING SCHE","27.03","","5238.07"
"15/09/2025","Card payment","STARBUCKS WOKING","19.5","","5218.57"
"16/09/2025","Card payment","BP PETROL WOKING","9.56","","5209.01"
"16/09/2025","Direct Debit","HARLANDS","38.0","","5171.01"
"17/09/2025","Card payment","DELIVEROO","20.6","","5150.41"
"17/09/2025","Card payment","ALDI STORES LTD WOKING","27.8","","5122.61"
"19/09/2025","Card payment","MORECO CAMBERLEY","46.93","","5075.68"
"19/09/2025","Card payment","MCDONALDS WOKING","22.43","","5053.25"
"19/09/2025","Direct Debit","ADMIRAL INSURANCE","56.45","","4996.8"
"20/09/2025","Card payment","MCDONALDS WOKING","24.07","","4972.73"
"20/09/2025","Direct Debit","GOCARDLESS","45.0","","4927.73"
"21/09/2025","Direct Debit","PET HEALTH CLUB","22.0","","4905.73"
"21/09/2025","Card payment","SAINSBURYS S MKTS BROOKWOOD","35.46","","4870.27"
"21/09/2025","Direct Debit","AMAZON PRIME","8.99","","4861.28"
"22/09/2025","Card payment","WWW ROCKANDPOPFOUNDATI ALDERSHOT","6.84","","4854.44"
"22/09/2025","Card payment","SAINSBURYS CO UK","79.91","","4774.53"
"22/09/2025","Card payment","JUST EAT","7.9","","4766.63"
"23/09/2025","Card payment","VMS IPAYIMPACT CO UK EDINBURGH","37.48","","4729.15"
"23/09/2025","Card payment","ARGOS LTD WOKING","69.25","","4659.9"
"24/09/2025","Card payment","TESCO STORES WOKING","38.18","","4621.72"
"24/09/2025","Card payment","SOUTH WEST TRAINS","9.01","","4612.71"
"25/09/2025","Credit","SALARY PAYMENT EMPLOYER","","3850.0","8462.71"
"27/09/2025","Direct Debit","TIMES NEWSPAPERS LTD","26.0","","8436.71"
"27/09/2025","Card payment","SAINSBURYS CO UK","56.22","","8380.49"
"28/09/2025","Card payment","ALDI STORES LTD WOKING","51.38","","8329.11"
"29/09/2025","Card payment","SAINSBURYS CO UK","69.72","","8259.39"
"29/09/2025","Card payment","SAINSBURYS CO UK","34.03","","8225.36"
"30/09/2025","Card payment","TESCO STORES WOKING","51.11","","8174.25"
"30/09/2025","Card payment","W M MORRISON STORE WOKING","48.15","","8126.1"
"30/09/2025","Card payment","ARGOS LTD WOKING","48.37","","8077.73"
"01/10/2025","Direct Debit","HALIFAX MORTGAGE","1285.0","","6792.73"
"01/10/2025","Direct Debit","SCRIPTURE UNION MILTON KEYNES","350.0","","6442.73"
"02/10/2025","Direct Debit","OCTOPUS ENERGY","148.0","","6294.73"
"02/10/2025","Card payment","TESCO STORES WOKING","58.02","","6236.71"
"03/10/2025","Card payment","MORECO CAMBERLEY","45.02","","6191.69"
"03/10/2025","Card payment","VMS IPAYIMPACT CO UK EDINBURGH","20.33","","6171.36"
"05/10/2025","Card payment","TESCO STORES WOKING","40.97","","6130.39"
"06/10/2025","Card payment","DELIVEROO","27.4","","6102.99"
"06/10/2025","Direct Debit","OXFAM GB","36.69","","6066.3"
"06/10/2025","Card payment","NEXT RETAIL LTD","61.47","","6004.83"
"06/10/2025","Direct Debit","AFFINITY WATER CCP WEB","32.5","","5972.33"
"06/10/2025","Direct Debit","ICLOUD.COM","2.99","","5969.34"
"07/10/2025","Card payment","TESCO STORES WOKING","57.15","","5912.19"
"08/10/2025","Card payment","W M MORRISON STORE WOKING","63.85","","5848.34"
"09/10/2025","Direct Debit","WOKING BOROUGH COU","195.0","","5653.34"
"09/10/2025","Card payment","SOUTH WEST TRAINS","11.13","","5642.21"
"09/10/2025","Card payment","SOUTH WEST TRAINS","22.87","","5619.34"
"10/10/2025","Card payment","MCDONALDS WOKING","13.6","","5605.74"
"11/10/2025","Card payment","VMS IPAYIMPACT CO UK EDINBURGH","35.82","","5569.92"
"11/10/2025","Direct Debit","L G INSURANCE MI","42.0","","5527.92"
"11/10/2025","Card payment","ALDI STORES LTD WOKING","88.18","","5439.74"
"12/10/2025","Card payment","PRET A MANGER LONDON","34.62","","5405.12"
"13/10/2025","Direct Debit","SMARTY CO MAIDENHEAD","15.0","","5390.12"
"13/10/2025","Card payment","MORECO CAMBERLEY","48.81","","5341.31"
"13/10/2025","Direct Debit","SPOTIFY AB","11.99","","5329.32"
"13/10/2025","Direct Debit","NETFLIX.COM","17.99","","5311.33"
"14/10/2025","Direct Debit","HARLANDS","38.0","","5273.33"
"15/10/2025","Card payment","SAINSBURYS CO UK","38.84","","5234.49"
"17/10/2025","Card payment","MARKS AND SPENCER","49.16","","5185.33"
"17/10/2025","Direct Debit","ADMIRAL INSURANCE","63.39","","5121.94"
"17/10/2025","Card payment","MCDONALDS WOKING","13.22","","5108.72"
"17/10/2025","Card payment","ALDI STORES LTD WOKING","51.4","","5057.32"
"20/10/2025","Direct Debit","GOCARDLESS","45.0","","5012.32"
"20/10/2025","Direct Debit","AMAZON PRIME","8.99","","5003.33"
"21/10/2025","Card payment","BP PETROL WOKING","18.73","","4984.6"
"21/10/2025","Card payment","STAGECOACH WOKING PIRBRIGHT","20.56","","4964.04"
"21/10/2025","Card payment","MORECO CAMBERLEY","37.63","","4926.41"
"21/10/2025","Card payment","TESCO STORES WOKING","27.17","","4899.24"
"23/10/2025","Direct Debit","PET HEALTH CLUB","22.0","","4877.24"
"24/10/2025","Card payment","SAINSBURYS CO UK","56.03","","4821.21"
"25/10/2025","Card payment","MORECO CAMBERLEY","84.3","","4736.91"
"25/10/2025","Credit","SALARY PAYMENT EMPLOYER","","3850.0","8586.91"
"27/10/2025","Card payment","TESCO STORES WOKING","42.68","","8544.23"
"27/10/2025","Card payment","VMS IPAYIMPACT CO UK EDINBURGH","28.49","","8515.74"
"28/10/2025","Direct Debit","TIMES NEWSPAPERS LTD","26.0","","8489.74"
"29/10/2025","Card payment","NANDOS WOKING","23.26","","8466.48"
"29/10/2025","Card payment","LIDL GB GUILDFORD","97.48","","8369.0"
"29/10/2025","Card payment","MORECO CAMBERLEY","51.7","","8317.3"
"30/10/2025","Card payment","WAGAMAMA GUILDFORD","24.14","","8293.16"
"31/10/2025","Card payment","LIDL GB GUILDFORD","73.39","","8219.77"
"01/11/2025","Card payment","ALDI STORES LTD WOKING","37.3","","8182.47"
"01/11/2025","Card payment","SAINSBURYS CO UK","58.64","","8123.83"
"01/11/2025","Direct Debit","HALIFAX MORTGAGE","1285.0","","6838.83"
"02/11/2025","Card payment","STAGECOACH WOKING PIRBRIGHT","13.47","","6825.36"
"03/11/2025","Direct Debit","SCRIPTURE UNION MILTON KEYNES","350.0","","6475.36"
"03/11/2025","Card payment","UBER EATS","4.29","","6471.07"
"03/11/2025","Card payment","MORECO CAMBERLEY","73.72","","6397.35"
"04/11/2025","Card payment","MORECO CAMBERLEY","44.92","","6352.43"
"04/11/2025","Direct Debit","AFFINITY WATER CCP WEB","32.5","","6319.93"
"04/11/2025","Direct Debit","OCTOPUS ENERGY","148.0","","6171.93"
"07/11/2025","Card payment","BP PETROL WOKING","17.02","","6154.91"
"07/11/2025","Card payment","MCDONALDS WOKING","27.66","","6127.25"
"07/11/2025","Card payment","VET4PETS WOKING","31.85","","6095.4"
"07/11/2025","Direct Debit","ICLOUD.COM","2.99","","6092.41"
"09/11/2025","Direct Debit","WOKING BOROUGH COU","195.0","","5897.41"
"09/11/2025","Card payment","W M MORRISON STORE WOKING","55.44","","5841.97"
"10/11/2025","Card payment","TESCO STORES WOKING","75.01","","5766.96"
"10/11/2025","Direct Debit","L G INSURANCE MI","42.0","","5724.96"
"10/11/2025","Card payment","VMS IPAYIMPACT CO UK EDINBURGH","9.2","","5715.76"
"10/11/2025","Card payment","BP PETROL WOKING","2.0","","5713.76"
"11/11/2025","Card payment","SAINSBURYS CO UK","52.52","","5661.24"
"12/11/2025","Card payment","UBER","26.52","","5634.72"
"12/11/2025","Direct Debit","PARISH GIVING SCHE","32.08","","5602.64"
"12/11/2025","Direct Debit","CANCER RESEARCH UK","14.79","","5587.85"
"13/11/2025","Card payment","WWW ROCKANDPOPFOUNDATI ALDERSHOT","30.72","","5557.13"
"13/11/2025","Direct Debit","SMARTY CO MAIDENHEAD","15.0","","5542.13"
"13/11/2025","Direct Debit","PARISH GIVING SCHE","27.44","","5514.69"
"14/11/2025","Card payment","WAGAMAMA GUILDFORD","23.47","","5491.22"
"14/11/2025","Card payment","JOHN LEWIS GUILDFORD","26.95","","5464.27"
"14/11/2025","Card payment","ALDI STORES LTD WOKING","52.84","","5411.43"
"14/11/2025","Direct Debit","SPOTIFY AB","11.99","","5399.44"
"15/11/2025","Direct Debit","NETFLIX.COM","17.99","","5381.45"
"15/11/2025","Card payment","SOUTH WEST TRAINS","9.53","","5371.92"
"15/11/2025","Card payment","JUST EAT","19.2","","5352.72"
"16/11/2025","Card payment","LIDL GB GUILDFORD","63.62","","5289.1"
"16/11/2025","Direct Debit","HARLANDS","38.0","","5251.1"
"16/11/2025","Card payment","PRET A MANGER LONDON","8.76","","5242.34"
"16/11/2025","Card payment","BP PETROL WOKING","9.56","","5232.78"
"16/11/2025","Card payment","COSTA COFFEE WOKING","28.76","","5204.02"
"17/11/2025","Direct Debit","ADMIRAL INSURANCE","58.44","","5145.58"
"17/11/2025","Card payment","MORECO CAMBERLEY","65.43","","5080.15"
"17/11/2025","Card payment","TESCO STORES WOKING","90.94","","4989.21"
"19/11/2025","Direct Debit","GOCARDLESS","45.0","","4944.21"
"20/11/2025","Card payment","LIDL GB GUILDFORD","27.52","","4916.69"
"22/11/2025","Direct Debit","PET HEALTH CLUB","22.0","","4894.69"
"22/11/2025","Direct Debit","AMAZON PRIME","8.99","","4885.7"
"22/11/2025","Card payment","TFL CONTACTLESS","2.42","","4883.28"
"24/11/2025","Card payment","SAINSBURYS CO UK","46.46","","4836.82"
"24/11/2025","Card payment","MORECO CAMBERLEY","56.49","","4780.33"
"25/11/2025","Card payment","WWW ROCKANDPOPFOUNDATI ALDERSHOT","28.5","","4751.83"
"25/11/2025","Card payment","SAINSBURYS S MKTS BROOKWOOD","55.94","","4695.89"
"26/11/2025","Credit","SALARY PAYMENT EMPLOYER","","3850.0","8545.89"
"27/11/2025","Card payment","DELIVEROO","13.98","","8531.91"
"28/11/2025","Card payment","AMAZON MARKETPLACE","47.68","","8484.23"
"28/11/2025","Direct Debit","TIMES NEWSPAPERS LTD","26.0","","8458.23"
"28/11/2025","Card payment","MCDONALDS WOKING","19.68","","8438.55"
"29/11/2025","Card payment","SAINSBURYS S MKTS BROOKWOOD","80.39","","8358.16"
"29/11/2025","Card payment","SHELL PETROL CAMBERLEY","29.05","","8329.11"
"29/11/2025","Card payment","W M MORRISON STORE WOKING","50.28","","8278.83"
"29/11/2025","Card payment","NANDOS WOKING","11.7","","8267.13"
"30/11/2025","Card payment","LIDL GB GUILDFORD","57.02","","8210.11"
"30/11/2025","Card payment","DELIVEROO","19.75","","8190.36"
